date,sales,
11/08/2017,262,120
11/08/2017,732,110
06/12/2017,15,100
10/11/2016,958,
10/11/2016,23,
06/09/2015,49,
06/09/2015,8,
06/09/2015,908,
06/09/2015,19,
06/09/2015,115,
06/09/2015,1707,
06/09/2015,912,
04/15/2018,16,
12/05/2017,408,
11/22/2016,69,
11/22/2016,3,
11/11/2015,666,
05/13/2015,56,
08/27/2015,9,
08/27/2015,214,
08/27/2015,23,
12/09/2017,20,
12/09/2017,61,
07/16/2018,72,
09/25/2016,1045,
01/16/2017,12,
01/16/2017,91,
09/17/2016,3084,
09/17/2016,10,
09/17/2016,125,
09/17/2016,4,
09/17/2016,87,
09/17/2016,7,
09/17/2016,16,
10/19/2018,30,
12/08/2017,1098,
12/08/2017,191,
12/27/2016,114,
12/27/2016,533,
12/27/2016,213,
12/27/2016,372,
09/10/2018,148,
07/17/2017,78,
09/19/2018,96,
03/11/2017,46,
03/11/2017,18,
10/20/2015,212,
06/20/2017,45,
06/20/2017,22,
04/18/2016,39,
04/18/2016,76,
04/18/2016,7,
04/18/2016,90,
12/11/2017,16,
12/11/2017,1030,
06/17/2017,209,
06/17/2017,33,
06/17/2017,320,
06/17/2017,15,
06/17/2017,30,
06/17/2017,49,
06/17/2017,2,
11/24/2016,14,
11/24/2016,26,
11/24/2016,147,
11/24/2016,80,
04/30/2016,214,
12/05/2015,1114,
12/05/2015,168,
06/04/2017,76,
09/18/2017,5,
09/14/2018,20,
04/26/2016,832,
04/26/2016,98,
04/26/2016,73,
12/09/2018,2,
12/09/2018,10,
12/09/2018,28,
11/26/2015,20,
06/12/2017,209,
06/12/2017,17,
10/12/2015,15,
10/12/2015,22,
09/03/2016,201,
11/13/2018,231,
05/28/2018,302,
10/26/2018,20,
10/26/2018,7,
04/05/2017,159,
09/17/2017,21,
09/17/2017,74,
09/17/2017,7,
01/31/2016,13,
01/31/2016,54,
01/31/2016,33,
11/06/2018,6,
11/09/2018,97,
06/17/2018,52,
09/06/2017,78,
08/29/2017,65,
08/29/2017,96,
08/29/2017,2,
12/01/2017,24,
11/13/2016,239,
11/13/2016,103,
11/13/2016,37,
11/23/2018,75,
11/23/2018,28,
11/23/2018,4,
10/15/2016,340,
12/25/2018,42,
11/03/2017,76,
11/03/2017,28,
08/25/2015,41,
08/25/2015,5,
08/25/2015,24,
08/25/2015,131,
03/02/2016,788,
04/05/2016,158,
06/12/2017,48,
06/12/2017,31,
06/12/2017,227,
06/12/2017,116,
06/12/2017,69,
12/26/2015,601,
09/20/2015,618,
11/05/2018,3,
11/05/2018,244,
11/06/2017,82,
11/06/2017,239,
02/02/2018,60,
02/02/2018,79,
02/02/2018,22,
10/13/2017,21,
10/13/2017,36,
10/13/2017,12,
10/13/2017,5,
10/13/2017,77,
10/13/2017,66,
10/13/2017,44,
09/05/2017,83,
09/18/2018,9,
09/18/2018,11,
09/18/2018,144,
12/22/2018,840,
09/07/2016,672,
10/22/2015,94,
12/05/2017,385,
12/05/2017,150,
12/05/2017,1952,
12/05/2017,172,
03/13/2017,158,
03/13/2017,204,
05/31/2016,59,
05/31/2016,106,
05/31/2016,81,
05/28/2016,7,
03/01/2015,458,
11/20/2017,15,
11/20/2017,945,
05/11/2017,6,
12/28/2016,55,
11/16/2017,29,
11/07/2017,28,
09/08/2015,10,
09/08/2015,8160,
09/08/2015,276,
09/08/2015,1741,
09/08/2015,33,
09/08/2015,178,
09/08/2015,144,
08/05/2015,21,
08/05/2015,111,
08/05/2015,341,
09/14/2015,53,
09/14/2015,21,
04/21/2018,98,
11/21/2016,397,
11/21/2016,16,
12/15/2016,4,
12/05/2015,25,
12/05/2015,409,
11/19/2015,504,
11/19/2015,150,
11/19/2015,29,
11/28/2017,8,
08/26/2015,177,
07/16/2017,38,
07/16/2017,21,
10/12/2016,900,
10/12/2016,72,
10/12/2016,52,
10/12/2016,627,
10/12/2016,20,
10/31/2016,15,
03/21/2015,8,
03/21/2015,7,
11/06/2018,47,
07/06/2018,3,
07/06/2018,17,
06/24/2018,22,
08/03/2015,219,
08/03/2015,3,
12/17/2018,67,
06/03/2018,36,
12/09/2018,445,
12/01/2018,84,
12/01/2018,132,
12/01/2018,16,
12/01/2018,53,
12/01/2018,92,
02/09/2016,21,
01/02/2016,24,
01/02/2016,453,
01/02/2016,63,
01/02/2016,1188,
01/02/2016,90,
10/28/2017,94,
10/28/2017,303,
12/24/2016,6,
12/24/2016,23,
12/24/2016,20,
12/24/2016,73,
12/24/2016,480,
12/24/2016,28,
08/09/2016,3,
08/09/2016,623,
08/09/2016,22,
02/28/2016,162,
02/28/2016,390,
09/13/2015,19,
04/07/2018,234,
04/07/2018,621,
04/07/2018,6,
04/07/2018,259,
04/07/2018,618,
11/12/2018,11,
06/04/2017,26,
06/04/2017,420,
06/04/2017,12,
06/04/2017,32,
06/04/2017,178,
06/04/2017,5,
06/04/2017,8,
06/01/2015,2002,
06/01/2015,167,
06/01/2015,48,
06/01/2015,1504,
06/01/2015,26,
12/10/2017,322,
09/11/2017,8,
09/11/2017,3348,
12/10/2017,81,
12/10/2017,362,
11/28/2016,13,
11/28/2016,83,
11/28/2016,54,
11/28/2016,648,
12/01/2018,21,
12/01/2018,222,
12/01/2018,18,
06/08/2018,2,
09/19/2015,3060,
09/19/2015,2520,
06/06/2017,329,
11/10/2016,80,
06/16/2018,15,
01/22/2017,8,
12/09/2018,38,
12/09/2018,58,
12/28/2018,726,
07/30/2016,210,
07/30/2016,6,
07/30/2016,11,
09/16/2018,9,
09/16/2018,6,
10/13/2018,12,
10/13/2018,19,
10/13/2018,60,
10/13/2018,25,
09/26/2016,3,
09/26/2016,1115,
11/02/2016,1039,
09/26/2016,142,
09/26/2016,240,
09/26/2016,32,
12/18/2017,255,
12/18/2017,195,
12/18/2017,962,
11/20/2017,20,
11/20/2017,19,
11/20/2017,256,
11/20/2017,87,
12/26/2015,301,
12/26/2015,231,
12/26/2015,219,
12/26/2015,79,
12/26/2015,28,
10/28/2017,33,
10/28/2017,1083,
10/28/2017,57,
10/28/2017,78,
10/28/2017,15,
11/19/2018,220,
05/04/2016,27,
12/30/2015,10,
06/01/2015,46,
06/01/2015,290,
04/15/2018,5,
09/12/2017,16,
09/12/2017,467,
09/12/2017,16,
09/12/2017,7,
09/27/2015,88,
08/09/2015,179,
08/09/2015,16,
12/28/2015,100,
11/04/2015,136,
11/04/2015,3992,
11/04/2015,276,
11/04/2015,360,
11/04/2015,44,
09/19/2015,8,
04/23/2017,252,
04/23/2017,100,
11/03/2018,16,
08/30/2017,291,
08/30/2017,55,
08/30/2017,787,
08/30/2017,101,
08/30/2017,38,
04/25/2017,83,
04/25/2017,21,
04/25/2017,5,
09/01/2016,5,
09/01/2016,960,
09/01/2016,15,
07/12/2015,8,
07/12/2015,699,
06/22/2016,5,
04/13/2015,18,
04/13/2015,510,
04/13/2015,31,
04/13/2015,72,
12/20/2016,89,
06/15/2018,48,
07/08/2018,8,
07/08/2018,25,
07/08/2018,13,
09/01/2017,7,
09/01/2017,25,
09/01/2017,4,
09/01/2017,50,
09/01/2017,4356,
04/08/2017,389,
04/08/2017,9,
04/08/2017,18,
04/08/2017,35,
04/23/2017,37,
03/08/2018,648,
03/08/2018,21,
09/25/2018,21,
09/25/2018,489,
09/25/2018,6,
09/25/2018,48,
09/24/2015,212,
10/21/2017,24,
10/21/2017,8,
10/21/2017,105,
10/21/2017,1044,
05/29/2018,26,
05/29/2018,54,
07/23/2015,9,
07/23/2015,1024,
07/23/2015,10,
07/23/2015,480,
09/28/2017,100,
08/27/2018,1489,
04/28/2016,9,
04/28/2016,24,
04/28/2016,13,
10/28/2017,51,
10/28/2017,50,
06/26/2016,42,
11/27/2016,376,
11/27/2016,84,
12/03/2016,483,
12/03/2016,3,
11/24/2015,3,
12/11/2018,24,
12/11/2018,40,
09/21/2015,247,
09/21/2015,1800,
06/07/2015,13,
06/30/2018,76,
10/17/2018,50,
10/17/2018,13,
10/31/2016,71,
09/08/2017,36,
09/08/2017,2397,
09/08/2017,132,
09/08/2017,58,
12/24/2015,10,
04/16/2015,40,
12/24/2018,36,
12/08/2018,180,
12/08/2018,1200,
12/08/2018,28,
12/08/2018,1005,
12/08/2018,10,
12/08/2018,29,
12/08/2018,56,
12/08/2018,1337,
12/08/2018,114,
11/03/2018,140,
11/03/2018,308,
06/24/2018,96,
04/14/2017,384,
11/06/2018,6,
03/04/2018,10,
03/04/2018,16,
06/22/2015,197,
10/19/2018,57,
10/19/2018,33,
08/21/2018,867,
11/23/2018,29,
11/23/2018,288,
09/12/2015,70,
10/01/2018,7,
04/15/2017,190,
04/15/2017,409,
04/15/2017,292,
04/15/2017,5,
06/06/2017,715,
12/19/2015,5,
12/19/2015,248,
06/12/2017,1008,
06/12/2017,314,
09/15/2018,32,
01/20/2018,208,
09/05/2017,13,
09/05/2017,195,
09/05/2017,71,
09/05/2017,92,
09/05/2017,243,
09/05/2017,23,
03/20/2018,3,
04/01/2017,60,
04/01/2017,162,
04/01/2017,264,
04/01/2017,31,
04/01/2017,10,
04/01/2017,36,
10/20/2018,285,
10/20/2018,666,
12/13/2017,64,
02/12/2015,130,
09/26/2017,748,
09/26/2017,9,
12/15/2016,104,
12/15/2016,900,
12/15/2016,52,
04/22/2017,24,
04/22/2017,1273,
04/22/2017,29,
04/22/2017,186,
04/22/2017,79,
01/17/2016,255,
03/31/2018,206,
12/16/2017,5,
12/20/2016,56,
11/09/2015,341,
11/09/2015,223,
11/09/2015,704,
11/09/2015,93,
11/09/2015,63,
11/09/2015,95,
07/12/2017,96,
10/27/2017,41,
06/26/2017,15,
06/26/2017,705,
10/06/2015,10,
07/22/2015,6,
07/22/2015,160,
06/10/2018,30,
06/10/2018,515,
06/10/2018,280,
10/29/2015,2736,
06/09/2015,8,
06/09/2015,64,
06/09/2015,71,
09/14/2015,450,
09/14/2015,12,
05/09/2017,94,
03/18/2017,190,
12/27/2016,106,
07/25/2017,120,
07/25/2017,256,
07/25/2017,242,
07/25/2017,70,
05/30/2017,23,
05/30/2017,15,
05/30/2017,802,
05/30/2017,3,
05/30/2017,33,
11/12/2018,16,
03/16/2016,3,
03/16/2016,9,
03/16/2016,47,
03/16/2016,6355,
11/26/2018,127,
11/26/2018,39,
10/20/2017,8,
12/21/2018,7,
12/21/2018,6,
01/22/2018,3000,
01/22/2018,52,
01/22/2018,12,
01/22/2018,1127,
03/22/2016,19,
03/22/2016,130,
03/22/2016,15,
01/23/2018,211,
05/21/2017,56,
05/21/2017,67,
12/26/2016,23,
10/21/2018,684,
10/21/2018,46,
09/03/2016,37,
09/03/2016,667,
09/03/2016,53,
11/07/2016,191,
09/07/2018,48,
05/29/2017,980,
05/29/2017,23,
07/10/2017,17,
09/03/2018,43,
12/03/2016,11,
12/07/2016,153,
12/07/2016,284,
02/01/2015,469,
07/14/2017,381,
12/18/2016,647,
05/11/2015,59,
05/11/2015,101,
05/11/2015,67,
11/19/2018,42,
11/19/2018,14,
11/15/2016,251,
11/15/2016,12,
11/15/2016,9,
04/15/2017,1122,
09/11/2018,35,
11/24/2018,11,
06/29/2018,1296,
03/03/2015,20,
06/10/2017,21,
06/10/2017,1336,
06/10/2017,33,
11/20/2018,43,
11/20/2018,85,
09/14/2015,13,
09/14/2015,14,
12/07/2016,4,
12/07/2016,3,
12/07/2018,375,
10/01/2018,92,
10/01/2018,82,
10/01/2018,20,
10/01/2018,452,
12/28/2018,73,
12/28/2018,14,
12/28/2018,34,
12/28/2018,15,
11/03/2017,9,
09/18/2016,161,
09/18/2016,20,
09/18/2016,8,
07/20/2018,70,
07/20/2018,9,
09/10/2016,52,
12/01/2018,471,
12/01/2018,106,
12/01/2018,32,
12/01/2018,7,
12/01/2018,407,
07/03/2016,71,
07/03/2016,295,
03/20/2017,85,
03/20/2017,21,
03/20/2017,17,
03/20/2017,11,
01/09/2015,10,
01/09/2015,32,
08/08/2015,77,
08/08/2015,1200,
08/08/2015,446,
08/08/2015,328,
07/14/2017,12,
07/16/2017,144,
07/16/2017,495,
07/16/2017,6,
03/15/2015,143,
03/15/2015,46,
03/15/2015,8,
03/15/2015,44,
03/15/2015,132,
05/23/2015,4,
05/23/2015,22,
05/23/2015,56,
04/28/2017,370,
04/28/2017,16,
09/11/2017,9,
09/11/2017,729,
11/14/2018,120,
11/14/2018,4,
08/18/2018,41,
08/18/2018,10,
08/18/2018,108,
08/18/2018,38,
08/18/2018,89,
12/26/2015,9,
11/29/2016,302,
11/29/2016,556,
11/29/2016,524,
11/29/2016,162,
09/15/2018,36,
05/19/2018,98,
12/17/2018,16,
12/17/2018,14,
12/11/2017,244,
12/11/2017,120,
12/11/2017,301,
09/24/2018,18,
09/24/2018,236,
10/04/2016,393,
08/15/2017,19,
08/15/2017,123,
05/20/2017,1050,
05/20/2017,16,
12/18/2017,19,
07/30/2018,331,
07/30/2018,27,
06/10/2018,133,
07/21/2018,7,
12/30/2018,210,
04/01/2017,32,
04/01/2017,31,
12/11/2017,15,
12/11/2017,303,
12/11/2017,316,
10/23/2017,380,
06/19/2018,98,
06/19/2018,104,
08/22/2017,114,
08/22/2017,4,
08/22/2017,135,
09/19/2017,702,
09/19/2017,3,
08/24/2016,1000,
08/24/2016,725,
08/24/2016,919,
08/24/2016,3,
03/26/2017,460,
11/04/2017,11,
06/08/2018,24,
06/08/2018,86,
06/08/2018,382,
12/24/2015,31,
06/09/2018,24,
06/09/2018,109,
06/09/2018,37,
06/15/2018,20,
12/05/2018,62,
12/05/2018,39,
12/05/2018,100,
03/18/2018,3,
03/18/2018,28,
03/18/2018,83,
03/18/2018,183,
11/19/2017,15,
11/19/2017,65,
11/19/2017,69,
11/04/2018,8000,
11/04/2018,168,
07/05/2015,480,
07/05/2015,15,
07/05/2015,20,
12/25/2018,192,
06/21/2015,105,
06/21/2015,285,
06/21/2015,37,
03/28/2016,167,
03/28/2016,34,
05/14/2016,199,
05/14/2016,48,
05/14/2016,201,
05/14/2016,98,
05/14/2016,3,
05/14/2016,19,
05/14/2016,5,
09/02/2018,16,
11/04/2017,210,
04/09/2016,370,
09/12/2015,11,
09/12/2015,167,
09/12/2015,16,
12/02/2015,120,
12/02/2015,884,
12/02/2015,47,
04/05/2015,56,
09/03/2018,25,
05/19/2018,282,
05/19/2018,308,
05/19/2018,300,
07/01/2015,20,
01/11/2015,10,
09/24/2018,104,
06/02/2015,60,
06/02/2015,74,
02/13/2017,147,
12/15/2017,1653,
12/15/2017,297,
10/07/2015,130,
07/07/2017,46,
09/16/2018,18,
09/16/2018,56,
12/03/2017,183,
12/03/2017,401,
12/03/2017,34,
12/03/2017,543,
12/03/2017,7,
01/21/2018,243,
01/21/2018,180,
01/21/2018,100,
01/21/2018,28,
01/21/2018,85,
01/21/2018,19,
09/08/2015,50,
01/04/2015,12,
01/04/2015,273,
01/04/2015,4,
08/27/2017,52,
08/27/2017,4,
08/27/2017,5,
08/27/2017,56,
05/27/2015,568,
05/27/2015,360,
03/20/2017,12,
10/02/2018,59,
10/02/2018,158,
10/02/2018,57,
10/02/2018,3,
04/07/2017,1200,
12/07/2016,80,
09/18/2017,384,
12/29/2015,25,
12/29/2015,120,
07/23/2018,14,
09/18/2018,23,
08/31/2016,59,
11/03/2018,13,
02/08/2016,108,
01/13/2015,12,
01/13/2015,51,
01/13/2015,647,
01/13/2015,6,
01/13/2015,573,
05/14/2015,311,
05/19/2017,642,
01/30/2018,19,
01/30/2018,207,
01/30/2018,33,
01/30/2018,8,
01/30/2018,41,
01/30/2018,35,
06/29/2015,33,
08/21/2016,545,
08/21/2016,60,
08/21/2016,24,
08/21/2016,5,
10/03/2016,33,
10/03/2016,24,
10/03/2016,36,
10/03/2016,48,
05/23/2016,187,
03/17/2018,18,
12/12/2016,349,
06/26/2016,144,
06/26/2016,16,
06/26/2016,44,
06/26/2016,333,
05/20/2017,1364,
09/20/2015,10,
09/20/2015,22,
09/21/2018,21,
12/24/2016,133,
12/24/2016,13,
12/24/2016,22,
11/27/2016,284,
02/20/2018,23,
02/20/2018,216,
08/18/2017,356,
03/12/2017,13,
04/22/2018,19,
11/01/2015,44,
11/01/2015,1984,
02/03/2016,29,
02/03/2016,150,
10/13/2015,12,
10/13/2015,1299,
10/13/2015,214,
10/13/2015,26,
05/14/2018,19,
05/14/2018,1400,
03/20/2016,52,
09/15/2017,6,
06/28/2015,42,
06/28/2015,4,
06/28/2015,1229,
06/28/2015,32,
06/28/2015,336,
06/20/2018,240,
06/20/2018,10,
05/09/2015,68,
05/09/2015,168,
08/21/2018,35,
08/21/2018,38,
08/21/2018,16,
06/16/2018,302,
06/16/2018,181,
06/16/2018,192,
06/16/2018,66,
07/23/2017,36,
07/23/2017,24,
07/23/2017,266,
09/08/2015,52,
11/04/2018,10,
03/07/2017,22,
11/20/2016,61,
11/20/2016,12,
11/20/2016,187,
11/07/2017,38,
11/07/2017,27,
11/07/2017,12,
11/07/2017,15,
10/13/2016,84,
10/13/2016,288,
01/01/2018,49,
02/07/2015,116,
06/20/2017,6,
06/20/2017,39,
05/28/2017,186,
02/19/2017,45,
02/19/2017,243,
08/03/2015,40,
08/03/2015,103,
08/03/2015,22,
04/10/2018,8,
04/10/2018,8,
06/09/2015,8,
06/09/2015,24,
01/05/2017,192,
01/05/2017,6,
01/05/2017,60,
01/10/2015,3,
01/10/2015,52,
09/29/2017,16,
04/06/2015,45,
09/03/2017,1142,
09/03/2017,281,
10/19/2016,35,
12/10/2015,12,
12/10/2015,107,
08/25/2018,193,
01/17/2017,323,
01/17/2017,30,
01/17/2017,372,
09/17/2015,6,
11/30/2018,69,
11/30/2018,1243,
10/09/2016,31,
12/23/2018,14,
10/22/2017,32,
04/29/2015,18,
04/25/2016,14,
06/26/2018,84,
10/14/2018,38,
12/09/2015,35,
06/20/2018,150,
06/20/2018,52,
06/26/2018,5,
06/26/2018,16,
06/26/2018,544,
11/10/2017,156,
11/10/2017,71,
10/03/2017,16,
09/09/2015,104,
10/29/2018,47,
04/10/2017,9,
11/11/2018,11,
11/11/2018,19,
09/15/2018,324,
04/08/2017,21,
04/08/2017,65,
04/08/2017,13,
12/30/2018,324,
12/30/2018,91,
12/30/2018,53,
09/02/2018,1200,
09/02/2018,1929,
09/02/2018,353,
05/31/2016,23,
11/27/2018,47,
11/27/2018,144,
06/15/2015,100,
06/15/2015,798,
06/15/2015,9,
03/05/2017,150,
03/05/2017,13,
12/05/2015,25,
04/11/2016,86,
04/11/2016,22,
04/11/2016,407,
09/15/2017,842,
09/13/2015,16,
09/13/2015,252,
10/05/2016,47,
10/05/2016,29,
04/14/2018,15,
04/14/2018,90,
04/14/2018,14,
09/02/2018,13,
06/20/2017,46,
06/20/2017,30,
06/20/2017,16,
06/20/2017,448,
11/05/2018,160,
12/13/2016,13,
12/13/2016,135,
06/19/2017,18,
12/13/2017,7,
12/13/2017,1115,
05/29/2016,33,
05/29/2016,541,
05/29/2016,168,
07/26/2016,394,
11/28/2018,517,
11/28/2018,1008,
11/28/2018,2066,
11/28/2018,16,
11/28/2018,26,
04/03/2018,26,
12/28/2018,28,
12/28/2018,79,
11/30/2018,174,
05/15/2018,30,
05/15/2018,5,
05/15/2018,16,
09/22/2016,205,
11/14/2018,322,
11/27/2016,7,
09/01/2017,22,
09/22/2015,5,
04/09/2018,10,
04/09/2018,36,
04/09/2018,13,
04/09/2018,192,
04/09/2018,9,
04/09/2018,502,
01/16/2015,128,
01/16/2015,125,
01/16/2015,19,
01/16/2015,31,
10/05/2018,161,
10/05/2018,76,
07/09/2018,2,
01/07/2018,3060,
05/30/2017,4,
12/09/2016,35,
10/03/2017,600,
11/11/2015,4,
11/11/2015,560,
11/11/2015,604,
09/29/2018,8,
09/29/2018,28,
09/29/2018,337,
03/10/2016,2,
05/21/2018,521,
05/21/2018,18,
03/29/2016,1167,
09/09/2017,15,
08/26/2017,11,
08/26/2017,155,
05/21/2015,2716,
05/21/2015,618,
10/28/2016,11,
10/28/2016,37,
10/28/2016,25,
10/28/2016,34,
11/13/2017,45,
07/31/2016,2310,
07/31/2016,1091,
07/31/2016,20,
08/27/2016,485,
11/13/2016,116,
11/06/2016,8,
11/06/2016,5,
12/26/2018,45,
08/01/2018,96,
11/24/2015,152,
06/17/2018,156,
06/17/2018,15,
12/21/2016,1619,
12/21/2016,100,
09/17/2016,33,
07/06/2016,14,
07/06/2016,156,
07/06/2016,125,
07/06/2016,602,
04/27/2016,23,
04/27/2016,1268,
04/27/2016,1380,
06/16/2016,7,
12/17/2018,12,
01/11/2017,16,
01/11/2017,64,
01/11/2017,16,
07/11/2015,178,
07/11/2015,198,
07/11/2015,855,
07/11/2015,125,
07/11/2015,15,
11/20/2017,16,
11/20/2017,3,
11/20/2017,15,
04/22/2017,87,
06/13/2016,37,
11/20/2018,24,
11/20/2018,29,
03/20/2017,698,
09/06/2017,32,
09/06/2017,723,
07/09/2018,9,
07/09/2018,59,
10/12/2018,255,
03/08/2017,1364,
03/08/2017,103,
05/27/2015,1114,
05/27/2015,100,
07/03/2016,169,
07/03/2016,7,
07/03/2016,283,
04/04/2016,12,
04/04/2016,109,
04/04/2016,83,
04/04/2016,10,
12/10/2018,20,
12/10/2018,66,
11/24/2017,5,
03/23/2016,108,
04/16/2016,46,
04/16/2016,11,
04/16/2016,8,
04/16/2016,119,
04/16/2016,2,
04/16/2016,56,
10/01/2017,195,
09/28/2018,2,
07/25/2016,26,
11/20/2016,20,
04/28/2017,30,
11/14/2018,9,
11/12/2017,7,
11/12/2017,5,
11/12/2017,32,
09/29/2017,41,
09/23/2018,120,
09/23/2018,32,
09/23/2018,7,
11/29/2016,20,
11/29/2016,1107,
03/01/2017,837,
03/01/2017,27,
03/01/2017,363,
03/01/2017,4900,
08/12/2017,7,
08/15/2017,72,
08/15/2017,4,
06/04/2018,32,
06/04/2018,72,
12/06/2016,121,
12/06/2016,220,
12/27/2016,29,
12/27/2016,356,
01/21/2018,349,
01/21/2018,36,
06/25/2015,448,
06/14/2017,8,
06/14/2017,9,
06/14/2017,30,
06/14/2017,9,
04/21/2018,3,
04/21/2018,3,
10/21/2017,23,
11/19/2017,101,
11/19/2017,3,
11/19/2017,11,
11/19/2017,59,
11/19/2017,41,
11/19/2017,72,
11/19/2017,11,
11/19/2017,2,
12/18/2018,47,
12/18/2018,120,
12/18/2018,120,
07/22/2017,7,
09/04/2016,280,
09/04/2016,620,
09/04/2016,16,
01/20/2015,700,
01/20/2015,23,
01/20/2015,39,
01/20/2015,7,
01/20/2015,24,
01/20/2015,1068,
03/02/2016,11,
03/02/2016,102,
04/12/2017,344,
04/12/2017,41,
04/12/2017,64,
12/06/2017,20,
06/05/2017,125,
06/05/2017,8,
12/11/2017,86,
11/12/2017,288,
11/12/2017,38,
11/12/2017,20,
11/12/2017,21,
11/12/2017,18,
09/29/2015,205,
09/29/2015,9,
09/29/2015,7,
09/29/2015,687,
09/29/2015,63,
04/04/2016,645,
04/04/2016,6,
04/04/2016,13,
04/04/2016,11,
04/04/2016,600,
05/08/2016,9,
12/31/2017,4,
12/31/2017,160,
12/20/2015,123,
12/20/2015,2245,
12/20/2015,63,
12/20/2015,456,
07/02/2017,196,
06/29/2018,363,
06/29/2018,12,
09/01/2015,54,
03/03/2015,10,
03/03/2015,126,
03/03/2015,26,
05/04/2015,47,
11/02/2016,448,
12/08/2018,110,
12/08/2018,273,
12/08/2018,20,
12/08/2018,32,
03/10/2015,23,
04/21/2015,17,
10/22/2016,6,
08/22/2016,51,
08/29/2017,28,
12/27/2015,12,
12/01/2017,173,
12/01/2017,180,
04/24/2017,259,
06/21/2015,1323,
06/21/2015,4,
01/14/2018,22,
01/14/2018,8,
11/24/2015,13,
11/24/2015,486,
11/24/2015,26,
11/24/2015,198,
02/26/2018,82,
02/26/2018,890,
02/26/2018,893,
02/26/2018,224,
02/26/2018,24,
09/15/2016,16,
09/15/2016,16,
09/15/2016,25,
09/15/2016,56,
04/08/2017,432,
04/08/2017,96,
04/08/2017,1089,
07/18/2017,545,
07/18/2017,2,
07/18/2017,855,
07/18/2017,594,
07/18/2017,339,
08/01/2018,272,
07/14/2017,12,
07/14/2017,10,
07/14/2017,15,
07/14/2017,42,
07/14/2017,9,
07/14/2017,580,
09/09/2018,142,
09/09/2018,4,
09/09/2018,5,
09/09/2018,5,
09/09/2018,96,
09/09/2018,18,
09/09/2018,259,
09/09/2018,1932,
07/12/2015,250,
07/12/2015,256,
12/04/2017,114,
12/04/2017,79,
12/04/2017,2,
12/04/2017,41,
12/04/2017,183,
12/04/2017,194,
11/06/2018,16,
11/06/2018,9,
11/06/2018,6,
10/31/2016,3,
10/31/2016,80,
05/30/2017,840,
10/28/2017,48,
10/28/2017,38,
10/28/2017,64,
10/28/2017,166,
08/11/2015,13,
08/11/2015,41,
08/11/2015,23,
08/29/2017,22,
02/15/2017,399,
02/15/2017,9,
05/14/2018,49,
12/12/2015,765,
12/12/2015,3611,
12/12/2015,255,
12/18/2018,39,
12/18/2018,1142,
12/18/2018,1705,
12/18/2018,4,
07/04/2016,1100,
03/10/2018,6,
03/10/2018,36,
03/10/2018,7,
03/10/2018,44,
12/24/2017,28,
12/24/2017,541,
12/24/2017,256,
10/23/2018,864,
10/28/2017,18,
07/07/2018,18,
10/01/2017,70,
10/01/2017,42,
09/02/2018,7,
12/24/2015,143,
12/24/2015,293,
09/23/2018,30,
06/04/2018,13,
04/21/2017,103,
04/21/2017,49,
04/21/2017,45,
05/26/2017,11,
05/26/2017,389,
05/26/2017,15,
05/26/2017,64,
05/02/2017,87,
09/08/2015,33,
09/08/2015,84,
09/05/2017,279,
04/09/2018,16,
04/09/2018,18,
04/09/2018,252,
12/06/2016,3,
06/26/2017,15,
07/04/2016,16,
11/22/2017,40,
11/22/2017,13,
11/22/2017,21,
11/10/2017,14,
11/10/2017,33,
08/27/2016,33,
08/27/2016,115,
08/27/2016,4,
05/25/2016,846,
12/30/2018,14,
12/30/2018,21,
12/08/2017,115,
10/04/2016,27,
12/23/2017,573,
12/23/2017,287,
09/19/2016,62,
07/03/2018,24,
07/03/2018,288,
07/14/2017,420,
06/20/2017,47,
06/20/2017,18,
06/20/2017,22,
06/20/2017,162,
06/20/2017,162,
12/09/2017,4,
12/09/2017,123,
09/24/2017,156,
12/18/2017,39,
12/18/2017,184,
12/18/2017,580,
12/10/2018,15,
07/01/2015,576,
07/01/2015,6,
02/03/2018,6,
02/03/2018,286,
03/03/2018,73,
10/09/2018,11,
09/28/2015,47,
05/27/2015,18,
06/14/2016,52,
03/30/2017,12,
10/15/2018,88,
05/23/2017,38,
06/02/2018,3,
06/02/2018,28,
02/16/2015,2,
02/16/2015,8,
05/06/2015,141,
05/16/2017,553,
04/02/2018,26,
03/31/2018,30,
03/31/2018,678,
03/31/2018,76,
01/02/2018,696,
01/02/2018,16,
01/02/2018,29,
05/28/2016,48,
05/28/2016,14,
03/17/2015,94,
03/17/2015,48,
03/17/2015,20,
03/17/2015,54,
03/17/2015,36,
10/03/2015,259,
03/28/2017,32,
05/04/2018,184,
05/04/2018,18,
05/04/2018,301,
07/05/2015,221,
07/05/2015,282,
05/05/2017,80,
04/26/2018,2,
09/26/2015,146,
10/19/2018,124,
10/19/2018,24,
10/19/2018,310,
11/10/2018,39,
11/10/2018,96,
11/10/2018,240,
11/10/2018,202,
11/10/2018,900,
07/08/2018,146,
12/24/2016,591,
12/24/2016,15,
03/07/2018,50,
04/01/2015,30,
04/01/2015,18,
09/14/2016,913,
08/04/2015,1090,
08/04/2015,448,
08/04/2015,17,
08/04/2015,400,
08/04/2015,159,
08/04/2015,14,
09/03/2017,84,
02/05/2017,81,
02/05/2017,349,
02/05/2017,10,
02/05/2017,19,
02/05/2017,240,
02/05/2017,168,
02/05/2017,105,
02/05/2017,485,
02/05/2017,123,
02/05/2017,155,
02/05/2017,343,
07/03/2018,10,
10/09/2018,653,
10/09/2018,67,
11/24/2017,18,
11/24/2017,12,
11/24/2017,89,
11/24/2017,7,
11/01/2017,22,
11/01/2017,252,
04/19/2017,206,
04/19/2017,420,
04/06/2015,11,
04/06/2015,155,
04/06/2015,117,
09/02/2017,76,
09/02/2017,40,
09/25/2017,394,
11/04/2018,24,
07/09/2017,409,
07/09/2017,166,
06/30/2015,335,
01/28/2018,240,
01/28/2018,38,
09/21/2016,947,
09/21/2016,152,
09/21/2016,5,
09/26/2016,87,
09/26/2016,73,
09/26/2016,61,
09/26/2016,78,
09/26/2016,120,
09/26/2016,264,
09/26/2016,364,
10/31/2016,10,
10/31/2016,15,
10/31/2016,30,
10/31/2016,428,
11/26/2018,221,
12/19/2015,153,
12/19/2015,8,
12/19/2015,1820,
12/26/2017,34,
06/20/2018,32,
06/20/2018,6,
10/15/2016,264,
10/15/2016,2454,
04/12/2018,30,
04/12/2018,40,
12/19/2018,37,
08/05/2018,14,
10/01/2016,140,
05/23/2017,1980,
06/13/2018,165,
06/13/2018,471,
06/13/2018,48,
04/23/2015,3,
05/01/2016,89,
07/19/2016,3,
11/26/2017,71,
11/26/2017,92,
11/26/2017,34,
11/26/2017,3040,
06/12/2018,92,
06/12/2018,453,
08/17/2016,53,
09/25/2017,16,
05/04/2015,28,
12/01/2016,56,
03/11/2017,245,
08/26/2017,160,
08/26/2017,1025,
12/16/2017,4,
08/08/2015,122,
08/08/2015,96,
05/16/2016,256,
12/09/2018,873,
12/09/2018,42,
12/09/2018,13,
09/24/2016,7,
07/11/2018,9,
12/01/2016,7,
11/19/2017,18,
11/19/2017,18,
03/19/2018,29,
11/13/2017,53,
11/19/2018,32,
12/02/2017,26,
12/02/2017,41,
12/02/2017,34,
08/25/2018,10,
08/25/2018,4,
10/14/2017,177,
11/27/2015,4,
11/03/2016,1213,
11/03/2016,90,
11/03/2016,43,
11/29/2015,6,
04/30/2018,63,
11/24/2018,6,
11/24/2018,978,
10/30/2018,10,
12/17/2015,41,
09/04/2018,11,
09/04/2018,17,
09/04/2018,14,
10/17/2017,19,
11/12/2018,17,
11/12/2018,224,
11/12/2018,541,
11/24/2017,34,
11/24/2017,10,
08/01/2016,7,
08/01/2016,1005,
12/24/2018,18,
09/17/2017,396,
12/10/2018,35,
09/12/2018,9,
06/24/2018,386,
06/24/2018,36,
08/18/2018,201,
08/18/2018,22,
08/18/2018,7,
12/11/2018,64,
12/10/2018,1670,
02/03/2015,84,
02/03/2015,14,
02/11/2018,22,
04/16/2018,17,
12/06/2016,207,
12/06/2016,20,
12/06/2016,199,
12/06/2016,248,
12/06/2016,87,
07/22/2017,5,
07/22/2017,12,
11/07/2016,27,
11/07/2016,8,
03/26/2016,75,
08/31/2018,11,
08/31/2018,9,
12/04/2017,213,
02/10/2018,204,
10/29/2017,41,
10/29/2017,12,
09/15/2018,40,
09/15/2018,17,
09/15/2018,783,
09/15/2018,243,
03/11/2015,9,
03/11/2015,11,
02/04/2015,83,
02/04/2015,35,
12/31/2015,1574,
11/23/2016,336,
11/23/2016,24,
11/23/2016,28,
07/06/2015,560,
11/13/2018,10,
06/17/2017,112,
05/03/2015,22,
10/16/2018,125,
02/06/2016,6,
09/04/2018,92,
05/09/2017,10,
05/09/2017,80,
03/16/2016,172,
04/09/2017,36,
04/04/2015,19,
09/05/2018,3,
06/30/2018,1045,
11/09/2016,12,
03/04/2015,355,
03/19/2016,454,
11/29/2016,22,
11/29/2016,9,
06/11/2018,123,
11/26/2018,13,
11/23/2015,604,
11/23/2015,22,
11/23/2015,30,
11/23/2015,382,
12/15/2015,41,
12/15/2015,764,
04/22/2017,24,
05/23/2017,5,
02/27/2017,171,
08/09/2016,308,
08/09/2016,383,
08/09/2016,42,
08/09/2016,1218,
08/09/2016,48,
08/09/2016,7,
08/09/2016,980,
08/09/2016,144,
08/09/2016,11,
08/09/2016,248,
05/12/2017,11,
04/15/2017,34,
04/15/2017,9,
06/23/2016,202,
10/19/2015,14,
03/24/2016,360,
05/08/2018,48,
10/16/2018,548,
11/19/2018,17,
11/19/2018,7,
11/19/2018,100,
11/19/2018,16,
05/08/2017,212,
12/11/2017,7,
11/30/2018,156,
04/19/2017,40,
04/19/2017,6,
04/19/2017,74,
04/19/2017,6,
04/19/2017,23,
04/19/2017,10,
05/26/2015,291,
05/26/2015,202,
05/26/2015,84,
12/21/2018,1001,
03/15/2017,84,
08/10/2016,4,
08/10/2016,42,
08/10/2016,30,
09/10/2017,60,
09/10/2017,7,
07/08/2018,199,
07/08/2018,787,
07/08/2018,24,
07/08/2018,50,
12/19/2016,676,
12/19/2016,1266,
11/16/2016,524,
09/24/2016,518,
06/21/2018,18,
06/21/2018,42,
05/08/2017,1007,
05/08/2017,11,
05/08/2017,11,
05/08/2017,26,
05/08/2017,59,
11/26/2015,16,
11/26/2015,670,
11/26/2015,439,
05/26/2017,20,
05/26/2017,10,
05/26/2017,13,
05/26/2017,42,
11/29/2015,13,
03/19/2016,1248,
03/19/2016,3150,
03/19/2016,210,
11/01/2016,36,
11/01/2016,4,
09/26/2016,122,
09/26/2016,46,
08/29/2015,110,
08/29/2015,14,
11/18/2018,170,
11/18/2018,133,
11/18/2018,3,
11/18/2018,9,
11/18/2018,96,
05/12/2015,35,
01/20/2018,161,
10/30/2018,89,
10/30/2018,14,
04/30/2018,678,
04/30/2018,14,
11/24/2017,42,
11/24/2017,298,
11/24/2017,5,
11/24/2017,95,
11/24/2017,75,
11/24/2017,15,
01/10/2016,1019,
10/19/2018,17,
03/22/2017,59,
07/03/2018,168,
12/11/2016,197,
09/17/2016,22,
09/17/2016,7,
05/18/2017,105,
05/18/2017,18,
09/07/2015,65,
09/07/2015,33,
09/07/2015,43,
09/07/2015,400,
09/29/2017,19,
11/07/2017,15,
04/24/2018,100,
04/24/2018,2,
04/24/2018,8,
12/10/2018,11,
12/10/2018,311,
08/16/2015,854,
12/09/2018,34,
12/09/2018,11,
03/14/2017,22,
06/26/2017,14,
09/25/2016,64,
09/25/2016,15,
09/25/2016,105,
12/27/2016,107,
12/27/2016,22,
06/03/2015,516,
07/13/2016,12,
07/13/2016,1932,
07/13/2016,10,
02/02/2015,13,
03/08/2017,10,
11/22/2016,12,
10/30/2018,44,
10/30/2018,149,
10/30/2018,8,
10/30/2018,72,
10/30/2018,20,
10/30/2018,1703,
01/30/2016,15,
09/08/2018,766,
10/07/2018,308,
04/30/2017,8,
05/19/2017,243,
05/19/2017,455,
05/19/2017,36,
05/19/2017,40,
05/19/2017,48,
12/20/2016,160,
12/20/2016,256,
12/20/2016,360,
12/19/2016,435,
12/19/2016,4,
12/19/2016,89,
04/29/2018,1049,
02/07/2017,100,
02/07/2017,8,
09/28/2015,97,
09/28/2015,11,
07/10/2017,339,
07/10/2017,155,
07/29/2018,35,
07/29/2018,22,
07/29/2018,5,
09/03/2016,32,
09/03/2016,18,
09/03/2016,130,
08/09/2015,21,
10/30/2018,21,
10/30/2018,8,
10/30/2018,12,
10/30/2018,443,
06/06/2015,14,
08/13/2017,12,
08/13/2017,11,
04/25/2015,11,
04/25/2015,7,
11/22/2016,207,
10/14/2018,10,
12/02/2018,560,
12/02/2018,110,
12/02/2018,9,
12/08/2016,361,
12/08/2016,1719,
07/13/2016,42,
05/11/2015,47,
01/05/2015,20,
09/05/2016,412,
09/05/2016,29,
09/05/2016,294,
08/04/2017,36,
08/04/2017,5,
08/04/2017,110,
08/04/2017,10,
03/22/2015,8,
03/22/2015,52,
03/02/2018,7,
03/02/2018,13,
11/27/2017,98,
11/27/2017,63,
04/28/2015,21,
04/28/2015,498,
04/28/2015,6,
04/28/2015,4,
11/24/2016,369,
11/24/2016,15,
11/11/2017,60,
11/11/2017,84,
07/09/2016,7,
07/09/2016,123,
09/22/2018,220,
09/22/2018,99,
09/22/2018,34,
09/22/2018,87,
02/15/2016,135,
02/15/2016,700,
02/15/2016,140,
09/30/2015,49,
12/01/2015,2808,
12/01/2015,47,
12/08/2015,61,
09/05/2017,108,
08/27/2018,64,
08/27/2018,348,
08/27/2018,38,
07/07/2017,216,
08/08/2017,12,
08/08/2017,54,
11/13/2017,5,
09/22/2018,6,
09/22/2018,4664,
09/22/2018,80,
12/25/2017,2576,
12/25/2017,46,
12/25/2017,255,
02/11/2017,70,
10/23/2017,17,
10/23/2017,55,
06/09/2015,1442,
11/20/2018,78,
11/20/2018,5,
09/14/2016,171,
06/04/2016,8,
06/04/2016,10,
12/13/2016,10,
05/25/2015,76,
05/25/2015,30,
02/16/2017,93,
02/16/2017,7,
02/16/2017,63,
02/16/2017,6,
12/22/2017,32,
12/22/2017,12,
12/22/2017,23,
02/08/2017,1128,
07/13/2016,39,
05/18/2015,780,
10/21/2018,1440,
10/21/2018,263,
11/05/2016,207,
08/01/2018,1440,
08/01/2018,37,
06/21/2015,22,
02/19/2018,1246,
08/01/2015,18,
08/01/2015,45,
08/01/2015,63,
08/01/2015,79,
07/18/2017,141,
02/09/2016,41,
02/09/2016,41,
07/29/2018,91,
01/12/2018,41,
01/12/2018,38,
09/10/2018,363,
09/10/2018,8,
07/20/2016,35,
07/20/2016,832,
07/20/2016,27,
07/20/2016,107,
07/20/2016,98,
07/20/2016,142,
06/13/2015,15,
05/12/2018,128,
05/12/2018,35,
09/03/2016,138,
09/03/2016,101,
03/26/2018,258,
03/26/2018,120,
11/12/2015,50,
10/13/2017,728,
10/13/2017,25,
11/12/2018,371,
04/15/2018,197,
06/25/2016,32,
06/25/2016,79,
08/26/2017,7,
07/21/2015,100,
07/21/2015,802,
07/21/2015,273,
11/21/2018,71,
06/04/2015,17,
03/10/2017,177,
03/25/2018,471,
12/29/2018,394,
12/29/2018,303,
03/28/2018,69,
03/05/2016,30,
03/05/2016,384,
03/05/2016,564,
11/13/2017,218,
01/19/2018,6,
04/22/2017,32,
05/13/2015,8,
05/13/2015,399,
10/21/2015,122,
10/21/2015,410,
03/14/2015,11,
03/14/2015,4,
12/22/2018,8,
11/24/2017,25,
12/02/2018,35,
12/31/2016,488,
10/03/2018,1794,
08/29/2015,30,
08/29/2015,506,
08/29/2015,175,
06/29/2017,192,
08/20/2017,15,
10/21/2018,6,
10/21/2018,479,
10/21/2018,29,
10/21/2018,910,
05/17/2017,3,
05/17/2017,28,
02/03/2016,137,
12/18/2018,19,
11/15/2017,100,
07/03/2018,274,
07/03/2018,598,
01/15/2015,150,
04/30/2018,5,
04/30/2018,16,
04/30/2018,12,
11/08/2016,12,
10/30/2016,300,
08/17/2018,896,
08/17/2018,463,
10/03/2016,16,
07/08/2017,864,
07/08/2017,48,
12/05/2018,93,
03/09/2018,200,
06/09/2017,178,
11/28/2018,89,
03/16/2018,7,
03/16/2018,47,
03/16/2018,660,
11/27/2017,272,
08/06/2018,146,
08/06/2018,16,
11/27/2018,245,
11/27/2018,167,
05/25/2016,15,
07/08/2017,20,
07/08/2017,34,
07/08/2017,9,
07/08/2017,663,
08/29/2018,48,
08/29/2018,28,
08/29/2018,4,
06/20/2017,96,
06/20/2017,11,
09/02/2018,24,
09/02/2018,12,
09/02/2018,255,
09/02/2018,13,
09/02/2018,27,
09/02/2018,198,
09/02/2018,19,
09/02/2018,1283,
09/02/2018,5,
09/02/2018,238,
09/02/2018,168,
09/02/2018,18,
09/10/2018,17,
09/10/2018,34,
09/10/2018,297,
09/10/2018,113,
09/10/2018,14,
09/10/2018,25,
09/10/2018,287,
09/10/2018,25,
12/21/2018,282,
12/21/2018,70,
12/21/2018,167,
09/23/2018,292,
05/06/2018,7,
05/06/2018,409,
12/14/2015,6,
12/14/2015,3,
12/14/2015,36,
10/18/2015,276,
10/18/2015,1395,
10/18/2015,546,
05/08/2016,6,
04/14/2017,934,
04/14/2017,43,
12/14/2016,4,
12/03/2015,480,
11/25/2015,321,
11/25/2015,24,
11/25/2015,27,
07/25/2017,1440,
11/09/2016,18,
11/09/2016,1025,
11/09/2016,27,
11/09/2016,18,
02/24/2018,5,
06/25/2018,72,
06/25/2018,6,
06/25/2018,12,
12/02/2018,295,
12/02/2018,9,
02/06/2015,15,
02/06/2015,162,
02/06/2015,145,
04/11/2018,200,
04/11/2018,42,
12/25/2018,96,
12/25/2018,305,
04/11/2018,12,
12/31/2015,30,
12/31/2015,48,
08/03/2018,184,
11/15/2015,5,
11/15/2015,334,
11/15/2015,25,
12/11/2016,160,
12/11/2016,47,
09/18/2017,351,
09/18/2017,14,
09/18/2017,901,
03/19/2016,18,
03/19/2016,15,
03/19/2016,34,
03/19/2016,41,
09/19/2017,1607,
09/19/2017,18,
09/19/2017,50,
09/19/2017,873,
08/20/2018,240,
03/13/2016,142,
09/08/2017,34,
09/08/2017,68,
11/26/2016,15,
11/26/2016,105,
11/26/2016,62,
11/26/2016,11,
12/09/2017,10,
12/09/2017,10,
09/25/2018,9,
09/25/2018,270,
01/23/2016,30,
01/23/2016,15,
06/18/2016,12,
06/18/2016,5,
06/18/2016,10,
06/18/2016,76,
10/02/2016,58,
11/18/2018,39,
08/17/2015,16,
07/17/2017,163,
07/17/2017,597,
07/17/2017,56,
07/11/2016,290,
07/11/2016,3,
07/11/2016,7,
07/11/2016,342,
07/11/2016,12,
07/11/2016,26,
12/01/2017,18,
12/22/2018,200,
12/22/2018,1587,
12/22/2018,85,
12/22/2018,412,
10/31/2015,12,
10/31/2015,81,
10/31/2015,16,
10/31/2015,65,
10/31/2015,20,
10/31/2015,406,
10/31/2015,147,
10/31/2015,252,
10/31/2015,13,
04/13/2016,200,
04/13/2016,711,
07/21/2017,2,
11/20/2018,284,
11/26/2017,8,
11/07/2018,60,
11/07/2018,762,
12/01/2015,59,
09/12/2018,40,
09/12/2018,91,
09/12/2018,95,
12/24/2016,107,
12/24/2016,112,
12/24/2016,8,
02/23/2018,38,
11/23/2015,24,
06/23/2017,123,
06/23/2017,19,
06/23/2017,325,
06/23/2017,147,
06/23/2017,4,
10/26/2016,6,
07/15/2018,27,
07/15/2018,311,
11/17/2015,480,
04/13/2016,13,
11/25/2016,14,
05/15/2017,512,
05/15/2017,92,
05/15/2017,9,
09/07/2018,38,
09/07/2018,280,
03/10/2015,637,
03/10/2015,84,
07/18/2015,260,
03/24/2018,222,
03/24/2018,26,
09/30/2015,16,
09/26/2015,1,
10/31/2016,20,
10/31/2016,399,
10/31/2016,6,
10/31/2016,18,
10/31/2016,324,
10/31/2016,30,
10/31/2016,1296,
10/31/2016,47,
10/31/2016,426,
10/12/2016,210,
09/19/2017,160,
04/13/2018,6,
04/13/2018,896,
01/07/2018,3,
11/09/2018,216,
09/22/2018,242,
09/22/2018,28,
12/01/2018,105,
12/01/2018,63,
06/23/2015,87,
10/04/2016,65,
10/04/2016,21,
05/20/2015,34,
05/20/2015,39,
05/20/2015,140,
11/20/2016,20,
11/30/2016,153,
11/30/2016,11,
11/30/2016,95,
12/31/2016,15,
12/31/2016,4,
11/16/2018,147,
06/06/2015,150,
06/06/2015,18,
06/06/2015,992,
09/01/2017,31,
09/01/2017,24,
09/01/2017,17,
06/25/2017,423,
06/25/2017,39,
06/25/2017,255,
12/12/2015,44,
03/31/2018,85,
11/19/2018,234,
11/24/2015,112,
11/22/2016,15,
07/14/2017,15,
04/30/2017,23,
07/25/2017,22,
06/22/2015,502,
06/22/2015,162,
10/21/2018,18,
09/03/2017,9,
05/14/2017,80,
01/07/2017,35,
03/13/2018,315,
10/13/2017,192,
10/13/2017,9,
10/13/2017,140,
10/13/2017,16,
10/13/2017,7,
01/27/2018,15,
01/27/2018,72,
01/27/2018,108,
11/19/2018,306,
08/01/2015,20,
07/30/2017,10,
07/30/2016,62,
10/15/2017,46,
10/15/2017,61,
10/15/2017,42,
10/15/2017,72,
05/07/2017,86,
05/07/2017,45,
05/07/2017,443,
05/07/2017,4000,
05/07/2017,200,
05/07/2017,64,
08/01/2018,55,
07/14/2017,29,
08/10/2018,71,
08/10/2018,122,
08/10/2018,1455,
06/25/2017,61,
12/10/2017,154,
12/10/2017,66,
12/10/2017,124,
12/10/2017,36,
12/10/2017,45,
12/01/2017,5,
11/28/2015,15,
03/28/2016,16,
03/28/2016,6,
06/01/2015,23,
06/01/2015,882,
09/06/2016,7,
09/06/2016,192,
06/29/2016,21,
09/10/2017,68,
07/14/2015,30,
07/14/2015,39,
08/22/2016,17,
11/14/2015,833,
11/14/2015,44,
11/27/2017,168,
11/21/2018,28,
10/01/2018,2,
10/01/2018,62,
10/01/2018,242,
10/01/2018,109,
09/20/2015,3,
07/28/2018,10,
07/28/2018,15,
07/28/2018,1146,
12/06/2016,486,
12/06/2016,38,
12/06/2016,71,
07/31/2018,55,
03/19/2017,73,
07/29/2018,3,
07/29/2018,125,
10/01/2017,331,
03/31/2015,674,
03/31/2015,53,
06/26/2018,527,
07/09/2018,229,
12/14/2016,320,
12/05/2018,206,
09/15/2016,191,
09/15/2016,25,
07/15/2017,45,
04/20/2018,45,
11/15/2017,1017,
11/15/2017,39,
11/26/2017,495,
11/21/2018,57,
11/21/2018,6,
11/21/2018,10,
11/21/2018,9,
11/21/2018,660,
02/15/2016,14,
02/15/2016,42,
02/15/2016,12,
02/15/2016,542,
02/15/2016,20,
04/15/2017,144,
09/28/2016,44,
09/28/2016,44,
09/17/2017,438,
09/17/2017,110,
06/16/2018,1213,
06/16/2018,19,
11/08/2016,5,
11/08/2016,372,
12/18/2016,167,
02/06/2018,360,
11/14/2017,500,
11/14/2017,6,
11/14/2017,9,
10/12/2018,8,
09/17/2018,13,
12/20/2018,7,
12/20/2018,7,
12/02/2018,48,
09/21/2016,200,
03/06/2016,436,
03/06/2016,1120,
10/03/2015,144,
10/03/2015,123,
06/27/2015,307,
06/27/2015,86,
06/27/2015,224,
10/30/2018,98,
10/30/2018,615,
10/30/2018,200,
09/03/2017,49,
03/05/2016,24,
03/05/2016,61,
05/05/2017,15,
11/17/2018,36,
06/01/2018,18,
06/10/2018,17,
01/08/2018,893,
04/20/2016,288,
04/20/2016,596,
04/20/2016,13,
11/01/2016,5,
12/23/2018,182,
11/01/2016,14,
11/01/2016,260,
11/01/2016,43,
11/01/2016,1400,
11/01/2016,504,
11/14/2015,13,
11/14/2015,12,
01/17/2017,316,
09/17/2018,724,
09/17/2018,107,
12/23/2017,142,
08/06/2016,28,
11/05/2018,391,
06/11/2018,281,
06/11/2018,69,
06/11/2018,89,
06/11/2018,16,
06/11/2018,216,
07/20/2018,15,
07/20/2018,417,
07/20/2018,43,
07/20/2018,183,
07/20/2018,61,
07/20/2018,390,
12/23/2016,195,
03/20/2018,266,
12/31/2016,95,
12/31/2016,61,
12/31/2016,77,
12/31/2016,365,
09/15/2016,80,
09/15/2016,47,
09/15/2016,13,
09/23/2018,15,
12/25/2016,548,
09/24/2017,42,
09/24/2017,42,
03/21/2018,278,
03/21/2018,6,
09/30/2015,70,
12/10/2018,11,
12/10/2018,427,
08/23/2015,26,
08/23/2015,46,
08/19/2015,11,
11/10/2017,42,
12/31/2015,64,
12/31/2015,114,
07/26/2015,124,
02/22/2017,491,
03/13/2017,71,
03/13/2017,2,
03/13/2017,558,
12/02/2018,10,
12/02/2018,70,
12/02/2018,11,
12/02/2018,80,
12/02/2018,11,
08/31/2016,1553,
08/31/2016,138,
08/31/2016,37,
08/31/2016,240,
03/17/2015,1580,
03/17/2015,1072,
03/17/2015,614,
03/17/2015,35,
03/17/2015,156,
04/16/2018,14,
03/13/2017,128,
03/13/2017,161,
03/13/2017,46,
11/24/2015,121,
02/10/2018,24,
09/23/2017,533,
09/23/2017,5,
07/07/2018,252,
07/07/2017,61,
07/07/2017,3,
07/07/2017,24,
07/07/2017,254,
01/24/2018,6,
08/19/2015,77,
08/19/2015,10,
12/06/2016,33,
05/06/2017,8,
05/06/2017,50,
05/06/2017,55,
03/25/2018,177,
03/25/2018,17,
03/25/2018,186,
03/25/2018,212,
03/25/2018,480,
12/12/2016,8,
12/12/2016,25,
12/06/2016,7,
12/06/2016,42,
12/06/2016,1620,
12/06/2016,114,
03/17/2017,40,
11/14/2016,38,
11/14/2016,60,
11/14/2016,37,
08/14/2018,6,
08/14/2018,17,
09/09/2018,629,
09/09/2018,57,
04/01/2018,95,
04/01/2018,29,
09/27/2017,957,
10/07/2018,1116,
10/07/2018,129,
10/07/2018,80,
01/20/2018,25,
01/20/2018,360,
03/23/2018,212,
08/01/2015,6,
06/07/2016,8,
11/12/2015,12,
11/12/2015,630,
12/29/2017,755,
07/06/2016,302,
10/12/2018,595,
10/12/2018,80,
05/21/2017,2397,
11/09/2018,64,
11/09/2018,100,
04/18/2017,231,
04/18/2017,10,
12/25/2018,159,
12/25/2018,14,
12/25/2018,274,
12/25/2018,40,
06/11/2017,2,
06/11/2017,9,
06/11/2017,13,
05/13/2018,59,
12/28/2018,8,
03/25/2015,367,
05/28/2018,55,
11/14/2016,34,
11/14/2016,827,
07/03/2018,546,
11/18/2015,146,
11/18/2015,36,
07/17/2018,8,
05/22/2017,345,
05/22/2017,175,
05/22/2017,663,
05/22/2017,96,
05/22/2017,27,
05/22/2017,258,
09/25/2016,18,
10/31/2017,493,
09/14/2016,270,
11/05/2017,30,
03/17/2018,19,
03/17/2018,120,
03/17/2018,10,
03/17/2018,58,
03/17/2018,72,
03/17/2018,108,
03/17/2018,8,
03/17/2018,60,
03/17/2018,47,
08/15/2018,98,
07/11/2016,30,
07/11/2016,99,
12/03/2018,84,
12/03/2018,15,
12/03/2018,137,
12/03/2018,4,
05/04/2018,10,
05/04/2018,572,
05/04/2018,33,
05/04/2018,17,
01/22/2017,15,
01/22/2017,452,
01/22/2017,65,
11/03/2017,218,
11/03/2017,83,
11/03/2017,88,
11/03/2017,1102,
09/04/2018,1323,
09/13/2015,6,
06/19/2018,12,
06/19/2018,154,
12/24/2018,1004,
08/28/2018,36,
08/28/2018,1138,
08/28/2018,100,
08/28/2018,6,
01/02/2016,86,
01/02/2016,10,
01/02/2016,21,
10/09/2016,632,
10/09/2016,24,
12/13/2015,91,
11/19/2015,4549,
09/10/2017,301,
09/10/2017,720,
06/16/2015,648,
09/26/2016,65,
09/26/2016,125,
05/19/2017,10,
06/22/2018,38,
06/17/2018,13,
06/17/2018,3,
06/17/2018,10,
11/14/2017,8,
07/25/2015,54,
07/25/2015,8188,
07/25/2015,78,
07/02/2016,33,
03/02/2018,197,
03/02/2018,480,
11/18/2017,1118,
04/18/2016,107,
12/02/2018,46,
11/11/2017,96,
11/11/2017,48,
09/05/2015,265,
11/15/2015,605,
05/02/2018,130,
10/15/2017,21,
10/15/2017,30,
10/15/2017,869,
10/15/2017,13,
10/15/2017,6,
10/15/2017,122,
04/06/2016,43,
04/06/2016,26,
04/06/2016,7,
04/06/2016,10,
04/06/2016,8,
10/24/2015,11,
08/17/2015,115,
08/17/2015,18,
08/17/2015,13,
08/17/2015,340,
08/15/2018,1802,
09/06/2016,47,
01/27/2016,182,
01/27/2016,432,
01/27/2016,156,
07/16/2016,1349,
07/16/2016,701,
04/30/2017,112,
09/26/2015,144,
09/08/2017,174,
09/08/2017,15,
04/16/2018,206,
04/16/2018,103,
08/16/2016,3,
08/16/2016,1880,
08/16/2016,314,
08/16/2016,6,
11/19/2018,822,
11/19/2018,22,
09/14/2017,26,
08/15/2017,706,
09/26/2016,50,
10/08/2017,52,
03/24/2016,7,
05/31/2016,1407,
05/31/2016,16,
05/31/2016,324,
12/25/2016,10,
12/25/2016,11,
03/17/2016,16,
03/17/2016,34,
12/21/2018,71,
11/01/2018,26,
11/01/2018,2666,
09/07/2018,479,
12/27/2018,165,
12/27/2018,14,
07/16/2018,3,
08/12/2017,1400,
07/09/2018,527,
11/22/2015,17,
11/22/2015,320,
11/22/2015,12,
11/22/2015,676,
01/26/2015,63,
01/26/2015,490,
01/26/2015,20,
01/26/2015,17,
01/26/2015,156,
01/26/2015,13,
01/26/2015,188,
11/03/2016,7,
06/30/2018,249,
06/30/2018,23,
05/05/2017,6,
05/05/2017,247,
09/08/2017,15,
09/08/2017,602,
11/24/2018,80,
11/24/2018,328,
05/13/2018,181,
05/13/2018,915,
05/13/2018,588,
05/13/2018,531,
05/13/2018,15,
04/23/2018,122,
04/23/2018,123,
06/04/2017,15,
06/04/2017,1350,
06/04/2017,137,
06/04/2017,62,
12/16/2015,2,
03/04/2017,17,
11/25/2015,25,
11/25/2015,3,
11/25/2015,1219,
11/25/2015,6,
11/25/2015,16,
11/25/2015,7,
04/28/2017,42,
04/26/2015,231,
04/26/2015,19,
04/01/2018,6,
04/01/2018,122,
12/22/2018,5,
12/22/2018,68,
12/22/2018,38,
12/22/2018,19,
12/03/2015,26,
10/22/2018,11200,
10/22/2018,2400,
10/22/2018,64,
10/22/2018,53,
11/13/2018,61,
11/13/2018,653,
11/13/2018,12,
09/10/2016,15,
05/15/2018,40,
05/15/2018,43,
05/15/2018,221,
07/05/2016,5,
07/05/2016,8,
08/15/2016,324,
06/12/2018,20,
06/12/2018,14,
06/12/2018,65,
06/12/2018,859,
02/20/2016,30,
12/29/2017,187,
04/17/2017,37,
04/17/2017,19,
09/07/2015,58,
09/07/2015,43,
09/07/2015,13,
09/07/2015,822,
09/07/2015,105,
09/26/2017,425,
09/17/2018,11,
09/17/2018,12,
09/17/2018,165,
09/17/2018,1293,
09/17/2018,26,
09/17/2018,262,
09/17/2018,15,
08/16/2017,11,
12/24/2016,884,
11/28/2018,1980,
11/28/2018,80,
04/14/2018,9,
05/01/2017,4,
05/01/2017,371,
05/01/2017,3,
10/01/2017,80,
10/01/2017,29,
08/25/2016,41,
08/25/2016,106,
09/09/2015,167,
09/09/2015,786,
09/09/2015,27,
09/09/2015,1326,
12/03/2018,167,
11/27/2018,9,
11/27/2018,44,
06/21/2015,12,
06/21/2015,26,
01/21/2018,15,
01/21/2018,620,
01/21/2018,90,
01/21/2018,351,
01/21/2018,165,
06/29/2018,313,
09/06/2017,96,
09/06/2017,4,
08/04/2017,4,
11/12/2016,16,
06/30/2015,6,
12/04/2018,6,
08/28/2017,16,
08/28/2017,109,
01/22/2017,110,
10/15/2015,16,
02/07/2017,31,
03/18/2015,822,
03/18/2015,22639,
03/18/2015,22,
03/18/2015,9,
03/18/2015,31,
03/18/2015,19,
03/18/2015,123,
05/24/2015,117,
07/11/2018,133,
06/16/2018,17,
06/16/2018,20,
06/16/2018,193,
01/30/2016,228,
01/30/2016,1920,
12/11/2016,13,
10/09/2018,46,
07/29/2018,61,
04/25/2015,303,
12/01/2016,14,
12/04/2015,130,
08/26/2018,72,
09/07/2015,378,
12/21/2018,125,
12/06/2015,24,
11/04/2015,9,
11/04/2015,59,
04/14/2017,82,
10/04/2015,15,
10/04/2015,96,
11/07/2018,360,
11/07/2018,351,
12/22/2018,2,
12/22/2018,630,
02/13/2018,7,
02/13/2018,800,
02/13/2018,108,
07/02/2015,74,
07/02/2015,6,
02/21/2016,50,
11/13/2016,378,
11/13/2016,43,
11/13/2016,300,
11/13/2016,90,
04/16/2018,478,
04/16/2018,26,
02/25/2017,47,
11/04/2015,36,
06/20/2016,258,
06/20/2016,126,
08/07/2018,80,
05/12/2015,701,
11/22/2016,28,
12/04/2016,9,
06/08/2015,586,
08/08/2015,424,
05/26/2015,226,
04/17/2016,6,
04/17/2016,324,
04/17/2016,784,
04/17/2016,1448,
04/17/2016,12,
06/11/2017,240,
03/11/2017,77,
03/11/2017,482,
05/26/2015,49,
10/12/2018,1,
10/12/2018,102,
06/22/2018,11,
06/22/2018,32,
06/22/2018,9,
01/15/2018,35,
01/15/2018,1925,
04/02/2016,33,
04/02/2016,51,
04/02/2016,48,
09/03/2017,55,
12/10/2018,20,
11/22/2017,50,
11/11/2018,11,
10/21/2017,155,
12/21/2016,61,
07/17/2016,196,
04/30/2018,24,
04/30/2018,3,
05/06/2018,60,
11/20/2018,22,
11/11/2017,258,
11/05/2017,24,
10/09/2017,24,
09/21/2016,602,
09/21/2016,8,
12/02/2015,59,
12/02/2015,17,
12/02/2015,40,
09/21/2015,26,
09/21/2015,37,
09/21/2015,7,
04/12/2015,1076,
04/12/2015,439,
04/12/2015,19,
04/12/2015,309,
10/20/2018,14,
10/20/2018,40,
10/20/2018,146,
10/25/2017,784,
11/01/2016,8,
11/03/2018,42,
05/12/2016,13,
05/12/2016,26,
09/07/2016,48,
07/25/2016,10,
07/25/2016,13,
07/25/2016,705,
07/25/2016,562,
11/16/2016,180,
11/16/2016,186,
11/16/2016,215,
11/16/2016,1000,
11/16/2016,654,
09/01/2016,115,
09/01/2016,61,
09/01/2016,125,
09/01/2016,1089,
05/05/2017,7,
05/05/2017,299,
12/31/2017,303,
09/18/2018,9,
09/18/2018,48,
09/25/2015,34,
09/25/2015,301,
09/25/2015,3,
09/25/2015,4,
04/23/2017,109,
04/23/2017,56,
04/23/2017,79,
11/01/2015,444,
11/01/2015,156,
01/26/2018,16,
01/26/2018,8,
11/11/2018,11,
11/11/2018,20,
11/11/2018,122,
06/09/2017,696,
09/03/2016,121,
03/14/2015,1140,
08/31/2018,230,
03/23/2018,144,
05/18/2018,37,
12/27/2017,846,
11/17/2018,51,
09/10/2018,763,
04/08/2018,57,
04/08/2018,2691,
11/28/2017,8,
06/02/2017,65,
12/17/2018,29,
03/19/2017,15,
03/19/2017,21,
08/20/2018,41,
07/25/2018,21,
08/26/2017,1604,
08/15/2017,226,
05/19/2018,68,
05/19/2018,378,
05/19/2018,1629,
05/19/2018,287,
08/12/2018,21,
08/13/2018,32,
08/13/2018,84,
08/13/2018,60,
08/13/2018,32,
11/10/2017,15,
11/10/2017,39,
06/12/2018,18,
03/22/2015,75,
03/22/2015,315,
06/15/2018,5,
11/16/2018,812,
12/29/2018,7,
01/21/2017,154,
01/21/2017,1014,
01/15/2017,53,
01/15/2017,5,
01/15/2017,255,
09/19/2017,26,
09/19/2017,28,
02/21/2015,9,
11/11/2017,7,
01/30/2017,18,
10/18/2017,308,
12/18/2018,7,
12/18/2018,13,
12/18/2018,33,
11/02/2018,24,
04/29/2015,52,
04/29/2015,18,
10/23/2018,12,
10/23/2018,27,
10/23/2018,70,
10/23/2018,36,
03/30/2015,50,
01/04/2017,960,
04/26/2016,409,
09/12/2016,480,
09/12/2016,13,
09/11/2018,185,
06/12/2017,24,
06/27/2017,38,
06/27/2017,540,
09/26/2015,311,
11/03/2018,9,
11/03/2018,53,
11/03/2018,15,
02/19/2018,12,
11/05/2016,388,
06/16/2015,42,
06/16/2015,35,
06/16/2015,40,
10/12/2016,136,
10/12/2016,13,
10/12/2016,264,
08/27/2018,6,
11/23/2017,16,
11/23/2017,15,
11/23/2017,71,
01/30/2018,130,
11/30/2016,4,
06/28/2015,7,
09/02/2015,20,
09/02/2015,71,
07/10/2018,19,
06/04/2018,9,
10/19/2018,1634,
11/18/2018,20,
08/08/2016,7,
08/08/2016,8,
08/08/2016,145,
12/06/2017,157,
12/06/2017,432,
12/06/2017,36,
12/06/2017,48,
12/06/2017,249,
12/06/2017,190,
12/06/2017,60,
03/25/2018,91,
03/25/2018,1527,
03/25/2018,369,
11/19/2018,306,
11/19/2018,19,
11/04/2017,39,
12/14/2018,27,
12/14/2018,65,
12/14/2018,44,
11/12/2018,42,
11/12/2018,24,
11/12/2018,114,
11/12/2018,114,
11/12/2018,8,
11/12/2018,672,
08/18/2017,40,
06/27/2018,192,
05/04/2018,3,
12/24/2016,20,
12/24/2016,46,
04/26/2018,21,
04/26/2018,40,
12/16/2018,82,
12/16/2018,98,
12/16/2018,25,
12/16/2018,19,
12/27/2015,33,
12/27/2015,31,
11/06/2018,500,
11/06/2018,32,
11/06/2018,14,
11/06/2018,29,
11/06/2018,260,
12/16/2018,11,
05/07/2016,245,
05/07/2016,16,
12/04/2018,189,
10/03/2018,23,
01/13/2015,546,
06/12/2016,21,
06/12/2016,44,
07/12/2015,124,
07/12/2015,12,
12/06/2015,54,
12/06/2015,276,
05/25/2017,25,
05/25/2017,20,
05/25/2017,1268,
02/21/2017,13,
02/21/2017,19,
02/21/2017,450,
02/21/2017,32,
10/02/2017,62,
03/11/2018,896,
09/09/2017,56,
07/14/2015,56,
06/21/2015,25,
06/21/2015,4,
06/21/2015,96,
06/21/2015,207,
06/21/2015,45,
06/21/2015,10,
07/05/2016,19,
12/16/2018,34,
09/08/2017,208,
05/17/2015,92,
10/13/2018,905,
10/24/2015,35,
12/05/2017,192,
07/25/2017,244,
04/17/2018,13,
04/17/2018,2550,
04/17/2018,22,
04/17/2018,9,
04/17/2018,21,
09/17/2016,345,
08/23/2017,728,
08/23/2017,23,
08/23/2017,667,
11/08/2016,6,
11/08/2016,93,
11/08/2016,67,
11/08/2016,92,
11/17/2018,328,
11/08/2016,53,
11/08/2016,18,
04/22/2018,255,
08/24/2015,9,
12/17/2018,505,
03/24/2017,404,
09/21/2016,195,
09/21/2016,26,
11/21/2017,196,
09/16/2018,21,
06/11/2016,54,
06/11/2016,37,
06/11/2016,57,
06/11/2016,33,
06/11/2016,30,
10/03/2018,172,
05/05/2017,17,
09/11/2018,13,
09/11/2018,23,
09/11/2018,2055,
04/30/2016,1023,
11/06/2018,14,
11/06/2018,27,
09/30/2015,44,
04/02/2018,412,
04/02/2018,360,
10/06/2018,42,
10/06/2018,228,
10/06/2018,38,
04/09/2017,518,
04/09/2017,6,
08/28/2016,2800,
10/19/2018,9,
10/19/2018,32,
10/19/2018,31,
10/19/2018,25,
11/07/2017,120,
03/03/2018,27,
11/27/2016,84,
11/27/2016,105,
03/13/2018,91,
03/13/2018,141,
03/13/2018,215,
03/13/2018,46,
03/13/2018,289,
11/30/2018,664,
11/17/2015,2935,
11/17/2015,125,
11/17/2015,58,
01/03/2017,115,
10/03/2016,121,
07/20/2015,343,
07/20/2015,17,
07/20/2015,982,
05/21/2015,32,
09/04/2018,13,
09/04/2018,44,
05/27/2018,59,
05/27/2018,540,
01/28/2015,4,
02/09/2018,253,
02/09/2018,128,
02/09/2018,4,
02/09/2018,13,
03/31/2018,61,
03/31/2018,672,
03/03/2017,448,
03/03/2017,480,
03/03/2017,167,
08/23/2016,32,
08/23/2016,11,
08/23/2016,13,
08/23/2016,6,
04/27/2018,34,
04/27/2018,221,
04/14/2018,11,
04/14/2018,243,
12/22/2018,696,
12/22/2018,221,
12/08/2017,13,
03/23/2018,26,
07/25/2017,16,
07/10/2018,299,
07/17/2017,22,
07/17/2017,243,
07/17/2017,8,
07/17/2017,52,
07/17/2017,266,
08/23/2017,838,
08/23/2017,136,
08/23/2017,35,
08/23/2017,533,
08/23/2017,44,
08/23/2017,16,
06/11/2016,1124,
06/11/2016,250,
06/11/2016,49,
06/11/2016,61,
06/11/2016,79,
06/11/2016,4,
06/11/2016,1037,
06/11/2016,564,
09/08/2018,259,
10/02/2018,50,
12/16/2015,45,
12/16/2015,242,
12/16/2015,395,
12/16/2015,628,
08/24/2015,14,
08/24/2015,13,
11/12/2018,31,
11/12/2018,78,
11/12/2018,68,
11/12/2018,13,
11/12/2018,45,
11/12/2018,23,
04/25/2016,207,
12/12/2015,211,
09/25/2018,120,
09/25/2018,11,
09/05/2017,348,
02/11/2018,964,
02/11/2018,89,
06/30/2015,33,
06/07/2017,33,
12/20/2015,32,
12/15/2016,2026,
12/15/2016,1800,
12/15/2016,102,
12/15/2016,263,
07/20/2018,736,
08/03/2015,94,
08/24/2016,285,
08/24/2016,26,
03/26/2017,68,
03/26/2017,120,
09/12/2015,6,
09/21/2015,16,
09/21/2015,79,
09/21/2015,60,
09/21/2015,39,
09/21/2015,240,
09/21/2015,20,
10/29/2017,67,
05/28/2017,391,
05/28/2017,63,
12/21/2018,24,
03/21/2017,4,
03/21/2017,529,
03/21/2017,14,
11/11/2018,182,
09/23/2018,181,
09/23/2018,48,
09/10/2018,19,
12/05/2018,21,
12/05/2018,59,
12/05/2018,255,
11/09/2018,10,
11/09/2018,827,
11/09/2018,1634,
11/09/2018,545,
11/07/2015,27,
11/07/2015,75,
03/12/2018,70,
10/20/2018,4,
10/20/2018,21,
12/27/2016,13,
10/02/2018,66,
06/04/2018,7,
09/01/2015,4,
09/01/2015,32,
08/08/2017,24,
07/22/2018,30,
07/10/2016,4,
12/01/2015,96,
12/18/2018,19,
05/18/2015,150,
05/18/2015,16,
11/10/2015,602,
11/10/2015,11,
11/10/2015,40,
11/10/2015,63,
11/10/2015,54,
11/10/2015,40,
01/09/2017,350,
01/09/2017,378,
09/22/2018,14,
09/22/2018,12,
12/23/2015,208,
05/26/2017,2,
05/26/2017,35,
07/08/2018,76,
05/13/2015,150,
11/10/2018,932,
11/10/2018,431,
10/02/2016,95,
10/02/2016,52,
10/02/2016,90,
10/02/2015,10,
10/02/2015,5,
10/02/2015,319,
10/02/2015,13,
10/02/2015,16,
10/02/2015,231,
10/02/2015,8,
08/11/2015,376,
09/01/2018,115,
04/16/2018,27,
04/16/2018,3,
04/16/2018,33,
04/24/2017,4,
01/15/2017,182,
05/02/2017,45,
05/02/2017,46,
11/20/2017,319,
11/20/2017,123,
11/20/2017,8,
02/01/2017,57,
03/31/2018,14,
12/01/2018,220,
12/01/2018,318,
12/10/2018,50,
12/10/2018,325,
12/10/2018,19,
09/17/2017,114,
09/17/2017,106,
12/23/2017,25,
04/17/2018,61,
10/27/2018,8,
10/27/2018,28,
07/08/2017,108,
07/08/2017,20,
08/09/2016,5,
12/09/2017,80,
12/09/2017,3,
11/13/2017,4,
11/14/2015,21,
11/17/2015,100,
11/17/2015,734,
11/17/2015,242,
03/04/2017,11,
10/11/2015,282,
10/11/2015,202,
05/22/2015,136,
05/22/2015,45,
07/15/2015,3,
07/15/2015,7,
12/27/2016,8,
02/09/2016,204,
05/08/2018,3360,
11/02/2018,19,
11/02/2018,28,
04/05/2015,23,
04/05/2015,29,
04/05/2015,13,
04/05/2015,23,
04/05/2015,4165,
09/17/2015,48,
09/17/2015,5,
09/30/2015,16,
09/12/2015,64,
02/20/2018,7,
02/20/2018,14,
12/13/2016,495,
12/13/2016,30,
12/13/2016,249,
12/13/2016,37,
10/30/2017,12,
12/26/2015,12,
12/26/2015,4,
08/15/2015,31,
10/01/2018,1705,
05/23/2016,20,
05/23/2016,122,
11/16/2018,1920,
11/18/2015,51,
11/18/2015,77,
11/18/2015,540,
11/18/2015,61,
11/18/2015,2,
12/30/2015,13,
12/30/2015,218,
12/30/2015,329,
12/30/2015,3,
12/30/2015,48,
11/05/2016,26,
09/17/2017,233,
03/20/2017,87,
09/27/2015,604,
09/27/2015,82,
12/24/2018,272,
12/24/2018,15,
11/10/2018,342,
09/11/2016,182,
09/11/2016,9,
12/20/2015,44,
12/20/2015,663,
12/20/2015,26,
07/23/2016,69,
07/23/2016,129,
11/11/2015,897,
11/11/2015,2,
11/11/2015,68,
11/11/2015,22,
11/11/2015,263,
11/11/2015,149,
11/11/2015,242,
12/14/2018,228,
12/14/2018,53,
12/14/2018,3,
08/21/2018,18,
08/21/2018,432,
08/21/2018,130,
08/21/2018,569,
08/21/2018,118,
08/21/2018,204,
08/21/2018,52,
08/27/2017,123,
08/27/2017,245,
08/27/2017,60,
08/27/2017,82,
08/27/2017,12,
08/27/2017,29,
08/13/2016,51,
11/05/2018,17,
08/17/2017,16,
12/26/2017,90,
09/23/2015,436,
09/23/2015,84,
07/19/2015,360,
07/19/2015,71,
07/19/2015,21,
07/19/2015,4,
09/07/2018,74,
05/06/2017,4,
05/06/2017,27,
06/04/2016,31,
06/04/2016,36,
12/13/2016,20,
12/13/2016,38,
07/16/2017,10,
01/31/2015,291,
07/09/2015,11,
07/09/2015,15,
11/21/2016,142,
11/21/2016,67,
03/25/2017,1288,
09/23/2018,26,
09/23/2018,161,
12/04/2016,29,
12/04/2016,365,
12/04/2016,40,
12/04/2016,362,
11/01/2017,112,
03/17/2018,14,
03/17/2018,11,
11/23/2018,25,
08/27/2018,3,
12/04/2016,18,
12/04/2016,385,
12/04/2016,1800,
10/07/2018,581,
10/07/2018,19,
10/07/2018,223,
10/07/2018,51,
10/07/2018,155,
03/25/2018,7,
08/09/2015,1092,
08/09/2015,220,
11/22/2015,7,
06/10/2018,41,
07/01/2018,444,
07/01/2018,170,
07/01/2018,26,
11/21/2015,37,
11/21/2015,630,
11/21/2015,194,
11/21/2015,6,
05/04/2016,23,
05/29/2018,66,
10/17/2016,78,
04/23/2015,282,
04/23/2015,282,
04/23/2015,8,
04/23/2015,23,
04/30/2018,11,
09/20/2017,66,
09/20/2017,272,
09/20/2017,12,
09/20/2017,78,
09/20/2017,49,
09/02/2017,2,
09/02/2017,9,
04/27/2016,44,
04/27/2016,6,
09/06/2016,272,
05/28/2017,263,
05/28/2017,183,
05/28/2017,132,
05/28/2017,23,
05/28/2017,559,
09/24/2016,16,
09/24/2016,1409,
07/03/2018,33,
07/03/2018,216,
07/03/2018,31,
12/08/2018,30,
12/08/2018,129,
12/08/2018,61,
12/05/2018,25,
12/05/2018,15,
09/27/2016,16,
09/27/2016,25,
10/30/2018,17,
10/30/2018,252,
10/30/2018,55,
11/29/2016,5,
03/11/2015,109,
11/19/2018,17,
11/19/2018,2505,
07/29/2017,85,
06/12/2016,30,
08/06/2017,71,
06/11/2018,4,
10/07/2017,28,
09/08/2015,57,
09/08/2015,15,
09/08/2015,5,
03/16/2015,472,
03/01/2016,59,
07/09/2016,6,
02/20/2017,17,
09/16/2018,72,
09/16/2018,23,
09/16/2018,4,
09/16/2018,539,
09/16/2018,48,
11/05/2018,493,
02/20/2016,287,
11/25/2017,6,
12/03/2018,48,
09/10/2016,62,
09/10/2016,362,
09/10/2016,279,
12/14/2017,134,
04/06/2016,48,
12/01/2017,17,
11/12/2018,11,
11/12/2018,19,
03/03/2018,181,
03/03/2018,100,
11/27/2017,35,
11/27/2017,152,
08/31/2015,93,
12/08/2017,9,
12/08/2017,46,
12/08/2017,1422,
04/07/2015,9,
08/27/2015,580,
08/27/2015,30,
08/27/2015,1203,
10/21/2017,8,
11/30/2017,37,
09/05/2018,148,
07/02/2016,409,
07/02/2016,383,
07/02/2016,69,
07/02/2016,436,
07/02/2016,12,
09/24/2018,72,
09/24/2018,656,
09/24/2018,604,
08/08/2017,514,
08/08/2017,488,
08/08/2017,16,
09/29/2017,210,
09/29/2017,63,
09/29/2017,26,
04/10/2018,11,
04/10/2018,96,
12/18/2017,901,
06/20/2015,202,
06/20/2015,4,
06/20/2015,194,
06/20/2015,16,
06/20/2015,12,
06/20/2015,419,
06/20/2015,510,
09/04/2018,826,
09/04/2018,18,
09/04/2018,7,
12/20/2017,67,
08/09/2017,31,
08/09/2017,45,
08/09/2017,570,
06/22/2016,797,
04/10/2016,13,
11/21/2017,41,
11/21/2017,405,
09/05/2017,116,
11/24/2017,658,
12/10/2018,600,
12/10/2018,39,
12/10/2018,46,
06/24/2017,39,
09/17/2016,88,
05/19/2017,22,
05/28/2017,55,
04/18/2015,288,
04/18/2015,14,
04/18/2015,11,
04/18/2015,12,
06/17/2017,41,
05/09/2015,84,
05/09/2015,10,
05/09/2015,21,
05/09/2015,46,
09/18/2017,6,
09/18/2017,100,
09/18/2017,3,
12/23/2018,29,
12/23/2018,30,
10/30/2018,106,
10/30/2018,36,
10/30/2018,34,
10/30/2018,30,
03/29/2017,46,
03/29/2017,845,
03/29/2017,813,
11/23/2018,8,
03/23/2015,331,
03/23/2015,605,
12/01/2018,46,
12/01/2018,11,
11/07/2018,22,
11/07/2018,440,
09/04/2018,9,
09/04/2018,26,
09/04/2018,5,
09/04/2018,12,
07/03/2017,13,
07/03/2017,4,
09/07/2018,1578,
09/09/2017,16,
07/03/2018,60,
07/03/2018,2396,
07/03/2018,1688,
07/03/2018,8,
06/29/2018,6,
08/07/2018,12,
08/07/2018,105,
03/19/2016,15,
06/07/2017,5,
06/07/2017,5,
07/25/2017,8,
07/25/2017,66,
07/25/2017,2431,
10/01/2018,105,
12/10/2016,4,
12/10/2016,802,
12/10/2016,192,
12/10/2016,3,
09/03/2018,6,
09/24/2018,1170,
12/19/2018,1666,
11/24/2018,3,
11/24/2018,1444,
12/13/2015,3,
12/05/2017,466,
09/11/2017,23,
09/11/2017,38,
12/09/2018,3,
09/09/2015,16,
09/09/2015,65,
09/09/2015,18,
09/09/2015,136,
06/26/2018,432,
11/17/2015,13,
11/17/2015,658,
08/21/2018,278,
08/21/2018,26,
08/21/2018,92,
03/12/2017,30,
09/23/2015,140,
04/28/2015,7,
04/28/2015,28,
04/28/2015,178,
11/29/2017,59,
12/03/2016,17,
12/03/2016,37,
11/19/2018,719,
11/19/2018,32,
09/05/2017,10,
09/04/2018,488,
09/04/2018,6,
09/04/2018,218,
09/22/2017,41,
09/22/2017,64,
09/14/2015,143,
09/14/2015,8,
05/19/2018,682,
05/19/2018,4,
05/19/2018,6,
05/19/2018,37,
08/09/2015,2061,
11/26/2018,53,
11/26/2018,214,
05/03/2018,70,
05/03/2018,764,
11/10/2017,10,
11/10/2017,42,
11/10/2017,90,
11/10/2017,23,
11/10/2017,335,
11/10/2017,149,
11/10/2017,5,
11/10/2017,179,
11/10/2017,70,
12/20/2015,488,
12/20/2015,48,
12/20/2015,5,
12/20/2015,156,
07/25/2015,7,
07/25/2015,16,
11/22/2016,3,
11/22/2016,56,
12/09/2018,105,
12/09/2018,35,
12/09/2018,34,
12/09/2018,15,
08/31/2018,639,
04/24/2018,114,
09/08/2018,10,
03/12/2016,9,
03/12/2016,31,
03/12/2016,7,
07/18/2017,34,
06/13/2017,378,
07/03/2018,259,
07/03/2018,25,
12/08/2015,28,
12/08/2015,7,
12/08/2015,53,
12/08/2015,14,
12/08/2015,104,
12/08/2015,12,
12/08/2015,11,
12/08/2015,40,
04/08/2017,9,
04/08/2017,122,
11/06/2018,128,
11/06/2018,48,
12/05/2016,45,
07/09/2016,16,
07/09/2016,465,
07/09/2016,182,
07/09/2016,13,
07/09/2016,85,
07/09/2016,80,
07/09/2016,154,
07/09/2016,44,
07/09/2016,99,
12/13/2017,10,
05/20/2017,3,
06/02/2018,26,
06/02/2018,44,
10/30/2016,60,
10/30/2016,440,
10/30/2016,88,
10/30/2016,16,
10/15/2017,233,
10/15/2017,67,
10/15/2017,44,
11/19/2016,142,
09/13/2015,80,
11/13/2018,164,
12/24/2018,38,
01/09/2017,16,
06/13/2016,25,
06/13/2016,20,
06/13/2016,900,
06/13/2016,33,
03/18/2018,24,
11/23/2015,7,
11/23/2015,35,
11/23/2015,6,
10/15/2018,511,
10/15/2018,205,
04/21/2018,12,
04/21/2018,163,
12/08/2015,46,
12/08/2015,604,
05/29/2018,24,
09/19/2017,6,
09/19/2017,250,
09/17/2017,34,
12/20/2017,19,
12/20/2017,16,
11/22/2018,36,
12/30/2015,552,
04/03/2018,8,
12/26/2017,19,
06/05/2017,361,
06/05/2017,12,
06/05/2017,15,
09/18/2016,42,
09/18/2016,637,
09/18/2016,500,
09/18/2016,1260,
09/18/2016,66,
03/06/2018,27,
03/06/2018,72,
03/17/2017,130,
03/17/2017,33,
12/09/2017,11,
12/09/2017,60,
12/09/2017,62,
01/15/2017,17,
01/15/2017,61,
01/15/2017,50,
10/24/2015,12,
09/23/2017,119,
09/23/2017,369,
08/27/2018,199,
08/27/2018,322,
08/27/2018,880,
08/27/2018,29,
08/27/2018,231,
08/27/2018,117,
08/27/2018,842,
08/27/2018,355,
03/03/2017,43,
03/03/2017,564,
02/28/2017,112,
09/18/2016,12,
09/18/2016,17,
09/18/2016,25,
05/12/2018,88,
08/13/2017,242,
08/13/2017,9,
02/25/2018,2,
03/21/2017,100,
03/21/2017,2,
12/08/2016,120,
12/16/2015,1014,
12/16/2015,2,
12/17/2017,2004,
05/12/2017,83,
08/06/2015,63,
04/11/2015,7,
04/11/2015,384,
04/11/2015,11,
04/11/2015,336,
05/03/2016,666,
11/30/2018,72,
02/16/2018,38,
11/16/2015,274,
07/09/2016,270,
11/13/2018,9,
11/13/2018,721,
07/31/2018,42,
12/26/2018,4,
10/31/2017,1086,
09/04/2017,4,
09/04/2017,63,
04/17/2017,30,
07/05/2015,181,
02/27/2016,5,
02/27/2016,17,
11/27/2016,30,
01/27/2015,58,
01/27/2015,333,
01/27/2015,37,
09/23/2018,252,
11/04/2018,524,
11/04/2018,1360,
10/14/2017,103,
10/14/2017,23,
10/14/2017,94,
10/14/2017,13,
10/14/2017,36,
10/14/2017,40,
11/12/2016,12,
11/12/2016,6,
11/12/2016,5,
11/12/2016,524,
11/12/2016,101,
11/12/2016,147,
03/05/2018,26,
11/05/2016,20,
07/08/2017,824,
07/08/2017,16,
09/15/2016,802,
09/15/2016,60,
09/15/2016,1057,
10/09/2018,13,
10/09/2018,315,
10/09/2018,19,
10/09/2018,19,
09/14/2016,992,
09/14/2016,880,
09/14/2016,13,
10/07/2015,108,
05/07/2018,1459,
05/07/2018,27,
05/07/2018,477,
05/07/2018,88,
11/14/2016,77,
11/14/2016,20,
11/24/2015,1050,
11/24/2015,612,
04/08/2015,3,
04/08/2015,20,
07/26/2015,912,
07/26/2015,675,
07/26/2015,135,
07/26/2015,171,
06/08/2015,171,
10/28/2015,8,
10/28/2015,7,
10/28/2015,481,
10/28/2015,617,
10/28/2015,142,
11/25/2018,502,
09/22/2018,692,
09/22/2018,35,
12/04/2016,86,
09/21/2016,86,
11/26/2018,34,
06/06/2018,5,
06/06/2018,27,
10/23/2018,4,
10/23/2018,824,
10/23/2018,11,
12/20/2015,448,
02/17/2018,481,
02/17/2018,125,
05/03/2015,41,
05/03/2015,11,
10/17/2018,11,
11/28/2016,152,
07/27/2015,238,
04/23/2018,156,
10/23/2016,149,
10/23/2016,241,
10/23/2016,192,
10/23/2016,12,
10/23/2016,12,
10/23/2016,843,
09/05/2017,24,
09/05/2017,87,
09/05/2017,109,
09/05/2017,11,
10/28/2017,39,
04/05/2015,50,
04/05/2015,53,
06/15/2016,10,
06/15/2016,83,
06/15/2016,365,
06/15/2016,41,
07/05/2015,5,
01/29/2018,13,
03/03/2017,135,
06/02/2015,9,
06/02/2015,240,
06/02/2015,357,
11/24/2017,660,
11/24/2017,1685,
11/24/2017,560,
11/10/2017,280,
11/22/2015,10,
05/01/2018,49,
12/07/2018,4,
12/07/2018,16,
11/30/2018,3,
12/07/2018,128,
01/03/2016,11,
11/14/2016,48,
10/02/2016,271,
04/05/2016,99,
04/05/2016,564,
04/05/2016,11,
04/05/2016,548,
04/05/2016,15,
04/05/2016,42,
04/05/2016,8,
04/05/2016,353,
06/05/2018,471,
09/18/2018,20,
09/18/2018,10,
07/18/2018,802,
07/18/2018,162,
07/18/2018,17,
07/18/2018,8,
07/18/2018,312,
12/01/2016,62,
12/01/2016,64,
06/28/2017,360,
08/28/2018,26,
08/28/2018,27,
09/17/2015,31,
09/17/2015,58,
09/17/2015,36,
09/17/2015,138,
03/14/2017,242,
03/14/2017,6,
03/14/2017,146,
08/26/2017,6,
08/26/2017,48,
09/02/2018,10,
09/02/2018,74,
09/02/2018,202,
06/16/2016,29,
06/16/2016,28,
06/16/2016,198,
12/10/2017,1425,
05/18/2018,15,
05/18/2018,4,
05/27/2018,26,
06/23/2017,836,
05/16/2017,18,
11/18/2018,45,
11/18/2018,3,
11/18/2017,7,
11/18/2017,49,
11/18/2017,20,
11/18/2017,256,
11/28/2015,18,
03/01/2017,160,
01/15/2018,13,
04/04/2015,6,
04/04/2015,80,
06/26/2017,23,
05/29/2017,12,
05/29/2017,5,
05/29/2017,45,
10/19/2016,39,
10/19/2016,150,
02/19/2018,13,
02/19/2018,45,
09/22/2017,8,
11/12/2015,8,
04/01/2017,89,
05/20/2017,41,
06/01/2016,6,
06/01/2016,43,
11/22/2015,54,
02/22/2016,80,
03/29/2017,14,
03/29/2017,30,
03/29/2017,414,
03/29/2017,42,
10/22/2017,40,
10/02/2018,9,
10/02/2018,85,
12/23/2015,54,
12/23/2015,57,
12/15/2018,23,
07/07/2017,288,
07/07/2017,2800,
07/07/2017,49,
04/17/2017,258,
04/08/2018,2592,
04/08/2018,42,
04/17/2017,80,
11/25/2015,53,
11/03/2015,287,
05/01/2016,64,
05/01/2016,42,
05/01/2016,173,
03/08/2016,513,
03/08/2016,861,
03/08/2016,770,
03/08/2016,15,
03/08/2016,374,
07/17/2016,232,
10/11/2015,64,
10/11/2015,345,
03/03/2017,638,
03/03/2017,288,
03/03/2017,37,
12/10/2016,2,
12/10/2016,26,
12/10/2016,102,
12/18/2016,7,
01/01/2018,475,
11/21/2018,9,
11/21/2018,40,
12/22/2016,18,
08/23/2016,543,
08/23/2016,9,
08/23/2016,194,
08/23/2016,22,
08/23/2016,98,
08/23/2016,252,
08/23/2016,26,
06/22/2015,171,
06/22/2015,83,
06/22/2015,854,
10/27/2018,557,
10/27/2018,96,
08/11/2018,30,
08/11/2018,10,
08/11/2018,154,
08/11/2018,13,
12/24/2018,480,
12/24/2018,233,
09/26/2017,237,
09/26/2017,30,
09/26/2017,100,
12/12/2017,19,
12/12/2017,384,
12/28/2016,25,
12/29/2015,25,
12/29/2015,22,
12/29/2015,768,
12/29/2015,15,
12/29/2015,192,
12/29/2015,275,
12/29/2015,71,
06/25/2016,205,
04/02/2016,10,
10/21/2018,24,
07/16/2016,81,
07/16/2016,600,
06/24/2018,277,
06/24/2018,173,
09/29/2015,5,
09/29/2015,410,
09/29/2015,56,
09/29/2015,21,
09/29/2015,1802,
09/29/2015,68,
11/24/2015,647,
11/20/2016,73,
11/20/2016,573,
11/01/2017,69,
09/17/2016,26,
03/10/2017,40,
06/23/2015,21,
06/23/2015,4,
11/01/2015,8,
11/01/2015,11,
11/01/2015,48,
11/01/2015,979,
08/28/2017,14,
08/28/2017,11,
08/28/2017,157,
12/06/2016,1000,
09/24/2016,822,
11/15/2018,221,
11/15/2018,340,
12/19/2016,8,
12/19/2016,6,
12/19/2016,117,
12/21/2016,48,
09/25/2017,61,
09/25/2017,6,
06/24/2018,183,
06/24/2018,11,
09/07/2018,8,
08/04/2017,303,
08/04/2017,21,
08/04/2017,12,
08/19/2015,639,
04/01/2017,21,
04/01/2017,11,
04/01/2017,15,
05/16/2018,222,
08/24/2016,3080,
08/24/2016,80,
08/24/2016,588,
09/23/2015,33,
09/23/2015,405,
09/23/2015,9450,
09/23/2015,13,
06/19/2018,3,
06/19/2018,1,
06/19/2018,147,
12/21/2018,16,
08/07/2018,160,
08/07/2018,14,
08/22/2017,5,
09/07/2016,14,
09/07/2016,28,
12/25/2016,74,
12/25/2016,161,
12/25/2016,18,
12/25/2016,4,
05/02/2016,9,
05/02/2016,159,
11/24/2017,1220,
11/24/2016,4,
11/24/2016,20,
11/24/2016,455,
11/24/2016,92,
09/04/2018,20,
05/11/2018,38,
05/11/2018,38,
05/11/2018,27,
05/11/2015,36,
07/27/2018,92,
05/06/2018,55,
09/19/2015,68,
09/19/2015,2625,
03/29/2016,74,
11/18/2015,15,
07/02/2016,12,
07/02/2016,16,
09/08/2015,45,
09/08/2015,210,
10/02/2018,113,
10/02/2018,1576,
11/19/2018,26,
12/30/2017,7,
12/01/2018,38,
12/01/2018,80,
06/13/2017,19,
05/19/2015,58,
01/30/2018,13,
01/30/2018,9,
01/30/2018,121,
11/28/2016,323,
10/23/2018,10,
10/23/2018,14,
10/23/2018,56,
10/23/2018,260,
09/07/2018,30,
09/07/2018,16,
09/07/2018,5,
12/29/2017,39,
12/29/2017,3,
12/05/2016,48,
12/05/2016,27,
11/01/2015,16,
04/16/2017,13,
05/14/2018,540,
05/14/2018,23,
03/14/2016,17,
03/14/2016,672,
01/14/2018,170,
01/14/2018,169,
03/08/2016,20,
10/11/2015,32,
10/11/2015,434,
04/13/2016,32,
04/13/2016,55,
11/16/2018,49,
07/01/2017,15,
07/01/2017,13,
07/01/2017,59,
11/29/2016,57,
04/07/2015,630,
04/07/2015,123,
06/16/2017,47,
03/06/2018,15,
10/07/2018,5,
10/06/2018,320,
10/06/2018,18,
10/06/2018,345,
12/05/2017,82,
10/21/2017,99,
05/18/2018,7,
05/18/2018,2,
05/18/2018,9,
09/26/2017,10,
11/17/2018,10500,
07/08/2016,22,
11/16/2016,697,
11/16/2016,305,
06/18/2016,52,
04/08/2017,25,
04/18/2016,22,
12/03/2017,395,
12/03/2017,19,
12/10/2016,8,
12/10/2016,800,
12/10/2016,42,
12/10/2016,185,
10/31/2015,50,
10/31/2015,11,
10/31/2015,15,
10/31/2015,35,
10/31/2015,18,
10/31/2015,1605,
10/31/2015,386,
12/09/2018,16,
05/05/2015,10,
05/05/2015,7,
05/05/2015,25,
03/04/2017,129,
11/30/2015,63,
02/18/2016,10,
04/01/2018,483,
04/01/2018,4800,
06/11/2018,38,
06/11/2018,19,
06/11/2018,386,
06/11/2018,103,
06/11/2018,175,
09/30/2017,2,
12/13/2015,95,
11/11/2018,46,
01/05/2016,62,
03/24/2017,23,
07/05/2018,333,
07/05/2018,12,
07/05/2018,16,
07/05/2018,32,
07/05/2018,7,
09/21/2015,12,
09/21/2015,21,
07/23/2017,12,
08/29/2018,10,
03/26/2018,20,
12/29/2018,210,
09/20/2015,44,
09/20/2015,21,
04/04/2017,150,
04/04/2017,28,
03/26/2015,67,
11/28/2018,2,
11/28/2018,1050,
11/28/2018,21,
12/01/2017,89,
12/01/2017,752,
09/19/2015,888,
10/23/2016,56,
10/23/2016,11,
10/23/2016,12,
10/13/2018,64,
10/13/2018,97,
10/13/2018,11,
09/04/2016,10,
03/14/2017,197,
10/28/2018,48,
10/15/2018,14,
08/07/2018,64,
09/21/2018,81,
11/03/2018,12,
11/05/2017,864,
11/05/2017,4,
11/05/2017,957,
11/05/2017,13,
11/05/2017,172,
06/25/2018,872,
11/26/2016,693,
11/24/2017,208,
07/21/2018,72,
07/21/2018,26,
10/23/2016,4,
07/09/2016,49,
08/18/2018,324,
04/16/2017,9100,
04/16/2017,10,
04/16/2017,26,
11/14/2015,12,
11/14/2015,70,
12/20/2015,4,
12/20/2015,1104,
11/21/2016,247,
11/21/2016,12,
11/21/2016,440,
12/28/2018,65,
05/17/2016,34,
05/17/2016,15,
12/09/2018,12,
12/09/2018,897,
12/09/2018,189,
03/10/2018,54,
10/22/2018,178,
07/03/2018,130,
09/04/2018,55,
08/23/2018,4368,
08/23/2018,50,
08/23/2018,162,
08/23/2018,3,
08/23/2018,9,
08/22/2015,4,
10/04/2017,60,
10/26/2015,64,
10/26/2015,384,
06/28/2017,8,
06/28/2017,34,
11/04/2015,667,
11/04/2015,574,
11/04/2015,22,
11/04/2015,20,
11/04/2015,448,
09/08/2015,17,
06/25/2016,21,
06/25/2016,89,
06/25/2016,305,
07/26/2016,168,
12/07/2018,83,
12/29/2015,24,
12/29/2015,34,
02/14/2016,15,
02/14/2016,324,
02/14/2016,3,
02/14/2016,15,
02/14/2016,72,
01/25/2017,10,
01/25/2017,18,
04/01/2018,43,
10/03/2018,16,
10/03/2018,18,
09/01/2018,20,
09/01/2018,23,
12/21/2016,51,
12/21/2016,28,
12/20/2016,8,
12/20/2016,15,
11/27/2016,108,
11/27/2016,114,
08/27/2018,6,
03/22/2015,17,
12/17/2018,545,
03/19/2018,20,
03/19/2018,658,
03/19/2018,100,
03/19/2018,200,
09/18/2017,632,
09/18/2017,61,
11/24/2018,21,
11/24/2018,416,
04/11/2018,17,
04/11/2018,28,
12/10/2018,96,
12/10/2018,13,
11/24/2018,20,
12/04/2016,1599,
12/04/2016,37,
12/11/2018,11,
12/11/2018,78,
12/11/2018,521,
05/21/2017,112,
02/17/2018,30,
05/20/2018,132,
05/20/2018,26,
05/20/2018,705,
05/20/2018,8,
05/20/2018,22,
09/11/2018,11,
09/11/2018,21,
11/05/2017,105,
11/05/2017,40,
11/05/2017,52,
07/23/2018,12,
07/23/2018,160,
11/18/2017,104,
04/25/2015,304,
04/25/2015,271,
04/25/2015,1488,
11/30/2016,18,
11/30/2016,72,
10/25/2016,61,
10/25/2016,254,
07/20/2016,3,
07/20/2016,385,
07/20/2016,154,
07/20/2016,914,
10/27/2017,44,
10/27/2017,26,
11/20/2018,47,
11/20/2018,184,
11/20/2018,1260,
11/20/2018,69,
09/08/2017,71,
09/08/2017,60,
07/20/2015,26,
07/20/2015,28,
11/15/2017,362,
07/07/2015,173,
07/07/2015,70,
03/17/2017,200,
03/17/2017,902,
03/17/2017,972,
12/26/2017,12,
09/02/2015,22,
07/05/2016,35,
07/05/2016,39,
11/20/2017,10,
11/20/2017,315,
11/20/2017,5,
05/06/2015,6,
05/06/2015,108,
06/21/2015,20,
06/21/2015,618,
06/21/2015,60,
08/19/2018,388,
11/29/2015,576,
11/29/2015,31,
04/09/2018,479,
12/20/2015,191,
12/17/2015,6,
11/17/2016,41,
03/04/2015,16,
05/18/2018,18,
05/18/2018,303,
05/18/2018,35,
05/18/2018,114,
05/18/2018,56,
09/22/2018,28,
03/21/2018,1806,
09/14/2018,71,
11/03/2017,20,
11/03/2017,8,
11/03/2017,25,
11/03/2017,9,
11/03/2017,843,
05/03/2017,3,
05/03/2017,28,
05/03/2017,27,
12/27/2017,11,
12/27/2017,24,
07/22/2017,110,
07/22/2017,966,
07/22/2017,30,
07/22/2017,33,
11/16/2015,79,
11/16/2015,32,
11/16/2015,30,
11/16/2015,170,
06/19/2016,13,
06/19/2016,7,
06/19/2016,187,
07/04/2017,26,
07/04/2017,44,
07/04/2017,1280,
07/04/2017,28,
09/03/2016,130,
09/03/2016,7,
08/07/2018,245,
03/13/2018,1333,
09/28/2018,33,
09/28/2018,148,
09/28/2018,55,
09/28/2018,77,
09/28/2018,15,
09/28/2018,210,
08/07/2016,4,
11/24/2018,17,
11/24/2018,168,
11/24/2018,322,
11/24/2018,13,
05/08/2018,129,
09/29/2018,64,
09/29/2018,240,
09/29/2018,345,
09/29/2018,16,
09/29/2018,22,
09/29/2018,9,
10/22/2018,334,
10/22/2018,249,
03/24/2015,25,
11/03/2017,16,
11/03/2017,44,
11/03/2017,44,
11/03/2017,117,
11/03/2017,10,
11/03/2017,20,
11/03/2017,315,
09/05/2016,17,
09/05/2016,70,
09/05/2016,5,
08/14/2018,419,
12/01/2015,660,
12/01/2015,9,
12/01/2015,37,
12/01/2015,910,
06/18/2018,918,
06/18/2018,39,
12/02/2018,632,
11/21/2015,13,
04/10/2017,13,
04/10/2017,24,
06/30/2015,26,
06/30/2015,22,
12/24/2015,174,
12/24/2015,362,
12/24/2015,63,
12/24/2015,819,
12/24/2015,21,
12/24/2015,24,
05/23/2018,172,
11/10/2017,38,
11/10/2017,82,
10/02/2017,55,
09/06/2017,11,
10/27/2017,291,
10/22/2018,37,
09/15/2017,22,
09/15/2017,49,
09/25/2017,17,
06/10/2018,1348,
02/20/2015,63,
02/20/2015,21,
02/20/2018,10,
11/02/2015,35,
11/02/2015,90,
07/17/2018,270,
07/17/2018,100,
07/17/2018,40,
09/08/2018,117,
11/14/2017,3,
11/14/2017,409,
11/14/2017,41,
10/10/2015,123,
10/10/2015,16,
03/19/2016,12,
07/08/2018,16,
07/08/2018,87,
07/08/2018,19,
07/08/2018,14,
02/27/2016,106,
02/27/2016,494,
06/16/2018,6,
03/30/2018,326,
07/12/2016,384,
07/12/2016,149,
07/12/2016,538,
07/12/2016,2,
07/12/2016,7,
07/12/2016,8,
07/12/2016,660,
04/30/2018,6,
07/13/2015,352,
12/27/2015,231,
12/27/2015,13,
02/27/2017,57,
03/23/2016,32,
03/23/2016,28,
10/21/2018,9,
12/31/2015,50,
05/05/2015,128,
12/04/2016,272,
12/04/2016,111,
12/04/2016,37,
09/26/2018,420,
12/09/2015,101,
12/03/2018,46,
12/03/2018,29,
12/03/2018,25,
11/08/2016,11,
04/19/2015,77,
05/25/2016,22,
05/25/2016,128,
07/17/2018,480,
12/12/2017,658,
12/12/2017,34,
12/12/2017,14,
12/12/2017,27,
04/11/2015,10,
06/09/2016,114,
07/27/2015,66,
07/31/2016,240,
09/19/2017,26,
06/10/2017,24,
08/26/2017,9,
11/02/2018,77,
11/02/2018,9,
11/02/2018,591,
11/02/2018,6,
11/02/2018,26,
11/02/2018,453,
12/26/2017,18,
12/26/2017,303,
12/26/2017,147,
12/26/2017,8,
12/26/2017,903,
12/26/2017,54,
12/05/2017,34,
08/28/2018,22,
08/28/2018,92,
07/16/2016,151,
07/16/2016,138,
07/16/2016,12,
05/26/2016,19,
05/26/2016,154,
05/26/2016,13,
05/26/2016,168,
05/28/2016,46,
05/28/2016,536,
05/28/2016,7,
05/28/2016,46,
11/09/2018,48,
01/24/2017,32,
12/31/2017,48,
12/31/2017,24,
09/05/2017,63,
09/05/2017,29,
09/04/2016,135,
09/21/2016,590,
09/21/2016,543,
12/24/2018,2880,
12/24/2018,91,
10/05/2016,78,
09/09/2018,9,
09/09/2018,178,
09/09/2018,259,
09/09/2018,15,
11/13/2017,78,
11/13/2017,25,
11/13/2017,141,
11/13/2017,37,
10/15/2016,18,
08/03/2018,52,
08/03/2018,124,
08/21/2016,587,
08/21/2016,81,
03/12/2018,243,
04/27/2018,124,
04/27/2018,13,
04/27/2018,48,
09/11/2017,1600,
09/11/2017,12,
10/22/2018,4,
10/22/2018,580,
08/02/2016,7,
08/02/2016,559,
08/12/2017,146,
05/30/2015,14,
04/26/2017,435,
05/14/2018,441,
05/14/2018,65,
04/08/2018,245,
04/08/2018,196,
02/17/2018,12,
02/17/2018,167,
06/24/2018,3,
05/05/2015,46,
05/03/2016,60,
05/03/2016,24,
05/03/2016,8,
05/03/2016,19,
05/03/2016,28,
05/03/2016,845,
05/03/2016,77,
09/18/2017,3,
09/22/2017,8,
09/22/2017,17,
01/10/2017,80,
01/10/2017,70,
05/06/2018,12,
05/06/2018,624,
05/06/2018,773,
07/31/2017,284,
07/31/2017,636,
07/31/2017,119,
07/31/2017,273,
03/27/2018,16,
03/14/2015,34,
03/14/2015,81,
03/14/2015,83,
03/14/2015,22,
03/14/2015,63,
07/14/2017,30,
12/01/2017,864,
08/29/2017,242,
08/29/2017,164,
08/29/2017,4,
08/29/2017,11,
06/24/2017,441,
03/30/2018,6,
12/20/2015,52,
12/20/2015,72,
12/20/2015,243,
12/20/2015,222,
12/20/2015,9,
12/17/2016,30,
12/17/2016,303,
12/17/2016,143,
12/17/2016,547,
12/17/2016,213,
05/11/2018,6,
05/11/2018,75,
05/11/2018,7,
05/11/2018,8,
06/24/2017,9,
05/17/2017,66,
05/17/2017,15,
05/17/2017,174,
06/29/2018,896,
06/29/2018,131,
06/29/2018,12,
06/29/2018,63,
03/31/2015,1,
12/16/2015,37,
12/16/2015,57,
05/18/2018,345,
05/12/2016,202,
12/03/2018,522,
12/12/2016,9,
10/10/2016,46,
04/18/2016,948,
04/18/2016,62,
06/07/2015,269,
09/01/2018,8,
05/22/2017,15,
11/11/2017,10,
11/11/2017,672,
11/25/2015,1118,
11/25/2015,276,
11/07/2015,124,
07/18/2017,16,
03/29/2016,213,
03/29/2016,10,
03/29/2016,54,
03/29/2016,20,
04/07/2017,659,
06/13/2016,9,
06/13/2016,30,
06/13/2016,68,
02/18/2016,62,
02/18/2016,36,
11/12/2018,10,
11/12/2018,10,
11/12/2018,28,
03/05/2018,8,
03/05/2018,222,
03/05/2018,128,
03/05/2018,19,
03/03/2017,26,
03/03/2017,36,
12/24/2017,34,
10/07/2017,838,
12/09/2017,41,
11/20/2018,210,
12/12/2016,23,
02/03/2018,4,
02/03/2018,116,
09/21/2018,2,
04/30/2018,44,
11/03/2015,784,
11/03/2015,49,
11/03/2015,8,
12/30/2017,6,
12/30/2017,14,
09/17/2015,183,
11/24/2018,28,
04/24/2016,26,
03/09/2016,114,
03/09/2016,360,
06/02/2018,26,
09/19/2017,12,
09/19/2017,7,
10/31/2015,743,
11/23/2018,7,
11/23/2018,12,
11/23/2018,223,
11/16/2018,24,
02/19/2017,9,
02/19/2017,26,
11/07/2018,101,
07/08/2015,64,
11/07/2015,684,
11/07/2015,2,
11/07/2015,41,
01/28/2018,280,
12/11/2016,14,
12/11/2016,70,
12/11/2016,5,
12/11/2016,59,
12/11/2016,53,
12/11/2016,55,
12/11/2016,365,
12/11/2016,86,
12/11/2016,28,
06/29/2016,25,
03/16/2016,44,
08/13/2016,6,
05/14/2017,58,
05/14/2017,32,
05/14/2017,31,
05/14/2017,44,
05/14/2017,5,
05/14/2017,11,
05/14/2017,14,
07/13/2018,40,
07/13/2018,92,
11/22/2016,38,
11/22/2016,43,
11/22/2016,34,
11/23/2015,63,
12/27/2016,196,
12/27/2016,240,
11/14/2017,381,
11/14/2017,1200,
11/14/2017,49,
05/08/2017,18,
12/26/2015,19,
12/26/2015,35,
12/26/2015,82,
12/26/2015,228,
06/08/2018,11,
04/07/2016,464,
04/07/2016,384,
07/10/2017,45,
11/21/2017,31,
11/21/2017,128,
11/21/2017,78,
11/12/2018,15,
11/01/2015,70,
11/01/2015,6,
05/15/2017,14,
11/07/2015,246,
11/07/2015,37,
11/07/2015,23,
11/07/2015,13,
10/05/2018,40,
10/05/2018,62,
10/05/2018,20,
06/01/2018,4,
06/01/2018,28,
06/01/2018,159,
11/20/2018,28,
12/23/2017,6,
09/29/2018,244,
11/07/2017,15,
04/04/2015,8,
07/23/2016,11,
06/25/2015,264,
06/25/2015,72,
06/25/2015,10,
09/08/2015,6,
09/08/2015,976,
09/08/2015,304,
09/08/2015,486,
12/12/2015,13,
12/12/2015,9,
12/12/2015,10,
01/13/2016,71,
01/13/2016,78,
01/13/2016,465,
12/15/2018,11,
12/18/2017,1794,
04/11/2015,759,
11/10/2017,21,
11/10/2017,50,
06/26/2018,240,
11/13/2018,2405,
11/13/2018,564,
11/13/2018,345,
11/13/2018,9,
11/24/2018,90,
11/24/2018,230,
05/23/2018,2,
05/23/2018,19,
05/23/2018,49,
05/23/2018,2,
12/02/2015,120,
10/03/2015,62,
10/03/2015,7,
07/29/2017,3,
11/02/2018,6,
11/02/2018,976,
11/02/2018,2250,
11/02/2018,60,
03/08/2018,172,
03/08/2018,4,
12/16/2015,115,
11/28/2017,183,
11/28/2017,102,
11/28/2017,1127,
11/28/2017,1264,
12/23/2017,9,
12/23/2017,38,
12/23/2017,5,
12/23/2017,228,
12/23/2017,48,
12/23/2017,62,
12/23/2017,1118,
10/15/2015,184,
10/15/2015,8,
08/22/2017,27,
12/17/2018,482,
12/17/2018,14,
03/07/2018,26,
03/07/2018,92,
12/01/2015,675,
10/14/2015,23,
10/14/2015,270,
11/18/2015,12,
11/18/2015,10,
01/14/2018,19,
01/14/2018,37,
01/14/2018,112,
01/14/2018,6,
01/14/2018,3,
09/24/2016,36,
09/24/2016,15,
10/09/2018,68,
10/09/2018,255,
01/02/2017,174,
01/02/2017,232,
08/19/2018,3,
12/25/2018,97,
12/25/2018,4,
12/25/2018,630,
12/25/2018,91,
09/10/2018,15,
10/19/2018,92,
12/01/2018,20,
12/01/2018,898,
09/02/2015,58,
09/02/2015,15,
03/25/2018,24,
09/28/2016,13,
09/28/2016,2,
09/28/2016,5,
03/15/2016,17,
01/06/2018,34,
01/13/2015,1326,
01/13/2015,334,
01/13/2015,20,
02/06/2016,1269,
02/06/2016,284,
02/06/2016,6,
12/21/2018,376,
09/05/2017,97,
09/05/2017,12,
09/05/2017,5,
10/04/2015,30,
11/27/2018,118,
11/27/2018,19,
10/28/2017,13,
06/09/2016,13,
12/08/2018,70,
03/16/2016,86,
06/09/2015,19,
06/09/2015,80,
06/09/2015,38,
03/20/2016,3,
03/20/2016,19,
11/18/2017,62,
11/18/2017,68,
03/07/2015,49,
03/07/2015,18,
03/07/2015,243,
05/15/2017,8,
05/25/2016,468,
08/02/2016,129,
08/02/2016,9,
08/02/2016,200,
08/02/2016,111,
11/06/2017,208,
11/06/2017,37,
11/06/2017,36,
11/06/2017,89,
11/07/2017,13,
09/18/2016,718,
12/07/2016,22,
12/07/2016,7,
12/07/2016,774,
12/09/2017,21,
12/09/2017,5,
12/09/2017,20,
11/16/2015,6,
11/06/2017,85,
09/06/2016,8,
09/03/2015,15,
04/24/2017,16,
04/24/2017,1326,
04/24/2017,4,
08/31/2018,7,
08/31/2018,690,
12/07/2018,1890,
12/18/2016,56,
12/18/2016,19,
12/18/2016,21,
11/04/2015,53,
03/10/2018,49,
03/10/2018,14,
01/31/2017,110,
01/31/2017,57,
05/07/2018,80,
05/24/2017,70,
05/24/2017,192,
10/07/2017,11,
04/30/2015,48,
11/10/2016,715,
11/09/2016,2322,
11/09/2016,18,
09/07/2016,10,
09/07/2016,792,
09/07/2016,5,
05/11/2018,210,
07/21/2018,34,
07/21/2018,223,
07/21/2018,211,
11/24/2015,36,
11/24/2015,1503,
11/15/2015,11,
11/15/2015,773,
11/15/2015,21,
03/23/2018,348,
12/18/2017,73,
12/18/2017,773,
12/18/2017,40,
07/29/2018,34,
07/29/2018,462,
07/29/2018,138,
07/29/2018,303,
09/02/2015,240,
01/29/2018,9,
01/29/2018,9,
01/29/2018,120,
12/26/2017,213,
12/26/2017,27,
08/09/2016,688,
04/06/2015,654,
04/06/2015,34,
11/17/2018,240,
07/11/2016,200,
07/11/2016,716,
07/11/2016,222,
11/10/2017,68,
11/10/2017,130,
11/10/2017,468,
11/10/2017,62,
11/10/2017,721,
11/10/2017,6,
11/10/2017,15,
03/31/2015,9,
03/31/2015,80,
09/18/2016,19,
11/07/2016,25,
05/19/2018,196,
01/03/2016,399,
01/03/2016,8,
01/03/2016,1353,
09/08/2016,27,
09/08/2016,42,
04/03/2017,100,
12/05/2017,700,
12/05/2017,585,
05/08/2016,44,
05/08/2016,378,
05/08/2016,124,
09/22/2018,392,
11/30/2018,384,
11/30/2018,1782,
01/15/2018,22,
08/08/2015,550,
08/08/2015,168,
08/08/2015,39,
08/08/2015,54,
08/08/2015,300,
11/05/2016,63,
04/25/2018,14,
04/20/2015,745,
04/20/2015,45,
04/20/2015,402,
11/11/2018,19,
11/25/2018,360,
11/25/2018,11,
12/18/2016,21,
09/08/2017,36,
09/08/2017,65,
06/06/2017,106,
06/19/2016,6,
03/05/2016,467,
03/05/2016,11,
03/05/2016,3,
08/04/2018,8,
08/04/2018,9,
12/30/2018,4,
05/23/2016,52,
12/06/2015,15,
12/06/2015,215,
12/06/2015,36,
12/06/2015,11,
12/06/2015,5,
12/06/2015,36,
08/07/2016,20,
03/17/2015,5,
03/17/2015,6,
03/17/2015,16,
03/26/2016,41,
03/26/2016,17,
12/14/2015,187,
09/19/2016,67,
04/25/2018,43,
04/25/2018,68,
10/18/2015,53,
10/18/2015,187,
10/18/2015,11,
11/13/2016,18,
01/31/2017,16,
11/17/2017,11,
07/25/2018,4,
11/11/2018,36,
09/26/2016,35,
09/26/2016,630,
09/26/2016,80,
04/04/2015,233,
04/04/2015,100,
04/04/2015,20,
04/04/2015,13,
09/14/2015,465,
09/14/2015,69,
09/14/2015,2800,
09/14/2015,602,
09/14/2015,17,
09/14/2015,288,
09/14/2015,45,
12/29/2018,102,
06/21/2016,108,
11/26/2018,59,
11/26/2018,94,
10/23/2017,18,
12/14/2016,9,
11/13/2017,31,
09/29/2018,24,
09/29/2018,52,
11/08/2016,120,
04/01/2017,1318,
04/01/2017,64,
04/01/2017,4,
02/02/2018,87,
02/02/2018,140,
02/02/2018,47,
12/24/2018,9,
12/24/2018,843,
06/21/2015,1215,
03/06/2018,68,
09/25/2018,40,
06/30/2015,3,
06/30/2015,7,
08/07/2016,29,
08/07/2016,213,
06/30/2018,1002,
06/30/2018,570,
06/30/2018,15,
10/26/2016,106,
10/26/2016,69,
07/30/2015,1368,
11/18/2017,302,
07/06/2016,171,
11/10/2015,4,
11/10/2015,13,
11/10/2015,16,
11/10/2015,564,
11/10/2015,63,
11/10/2015,536,
05/27/2017,3505,
05/27/2017,145,
05/27/2017,315,
03/08/2016,4,
10/19/2018,3,
10/19/2018,329,
11/05/2017,54,
12/26/2017,5,
04/13/2016,38,
04/13/2016,259,
04/13/2016,76,
09/12/2018,46,
09/12/2018,46,
09/24/2018,41,
09/24/2018,39,
10/10/2016,1802,
11/27/2016,749,
09/13/2016,200,
09/13/2016,1517,
11/14/2018,168,
11/14/2018,46,
05/05/2018,24,
11/28/2015,398,
11/28/2015,86,
11/28/2015,14,
11/28/2015,46,
05/10/2015,159,
05/10/2015,44,
03/03/2017,3931,
03/03/2017,3,
03/03/2017,432,
03/03/2017,42,
08/15/2016,105,
08/15/2016,71,
09/12/2016,10,
09/12/2016,106,
09/12/2016,2,
09/12/2016,21,
09/12/2016,29,
09/12/2016,28,
01/12/2016,466,
05/12/2016,37,
09/26/2017,52,
09/26/2017,8,
09/26/2017,36,
09/26/2017,30,
09/09/2018,18,
04/15/2018,80,
06/10/2018,9,
09/01/2018,499,
06/14/2015,213,
05/18/2018,707,
05/18/2018,115,
05/18/2018,44,
09/12/2018,167,
06/21/2017,37,
06/21/2017,187,
06/21/2017,354,
11/26/2015,82,
03/19/2018,15,
03/19/2018,698,
03/19/2018,31,
03/19/2018,28,
10/18/2015,606,
08/22/2018,211,
11/19/2017,55,
09/20/2015,165,
09/20/2015,363,
09/20/2015,60,
09/11/2017,333,
09/11/2017,40,
09/23/2017,14,
08/04/2018,4,
07/25/2017,11,
08/02/2017,137,
08/02/2017,334,
08/02/2017,13,
05/21/2016,21,
11/03/2018,44,
04/16/2016,13,
12/12/2017,250,
12/12/2017,50,
10/30/2016,183,
03/07/2015,108,
03/05/2016,100,
03/05/2016,34,
08/08/2017,11,
01/03/2018,39,
10/09/2018,36,
10/20/2018,46,
09/07/2015,197,
09/07/2015,3,
09/07/2015,201,
09/07/2015,47,
09/07/2015,22,
09/30/2018,12,
09/30/2018,168,
09/30/2018,4,
11/16/2018,53,
09/11/2018,33,
09/11/2018,407,
01/16/2018,28,
01/16/2018,400,
11/26/2017,4,
11/07/2016,716,
12/14/2018,160,
12/14/2018,45,
09/13/2015,341,
12/07/2015,106,
09/07/2018,14,
10/07/2018,86,
09/05/2016,7,
09/05/2016,37,
03/30/2015,16,
03/30/2015,45,
05/05/2018,22,
05/05/2018,10,
05/05/2018,90,
04/30/2018,164,
09/08/2015,18,
09/08/2015,967,
09/08/2015,183,
06/20/2018,5,
12/26/2016,52,
08/15/2018,51,
03/04/2018,90,
07/27/2018,15,
07/27/2018,544,
09/23/2017,5,
09/23/2017,19,
05/30/2017,2276,
05/30/2017,1980,
05/30/2017,63,
11/16/2015,38,
09/21/2015,9,
02/21/2017,69,
02/21/2017,297,
02/21/2017,40,
11/19/2018,192,
11/19/2018,14,
11/19/2018,1526,
08/21/2017,10,
08/21/2017,29,
04/30/2018,65,
04/30/2018,31,
05/02/2017,188,
10/02/2018,12,
10/02/2018,10,
10/02/2018,21,
10/02/2018,28,
10/02/2018,2315,
10/02/2018,35,
10/02/2018,20,
09/18/2018,16,
12/04/2016,17,
12/04/2016,26,
01/17/2016,7,
01/06/2015,20,
03/05/2016,32,
12/25/2017,34,
09/04/2017,64,
09/04/2017,61,
09/04/2017,23,
08/26/2015,11,
08/26/2015,18,
08/26/2015,4,
05/21/2016,27,
10/16/2018,308,
11/09/2016,245,
11/09/2016,13,
11/09/2016,14,
11/09/2016,900,
11/21/2015,2,
11/21/2015,268,
10/11/2016,32,
03/21/2018,726,
03/21/2018,11,
03/21/2018,9,
01/04/2016,33,
01/04/2016,40,
12/09/2018,144,
09/06/2017,42,
09/06/2017,330,
09/03/2017,88,
05/13/2015,280,
05/13/2015,8,
09/29/2017,28,
08/05/2015,17,
08/05/2015,16,
08/05/2015,46,
04/14/2018,199,
06/09/2018,721,
12/29/2017,71,
12/29/2017,82,
01/18/2015,65,
11/20/2017,152,
06/10/2018,89,
06/10/2018,12,
06/10/2018,16,
09/10/2018,86,
04/08/2018,274,
04/08/2018,307,
10/24/2016,16,
10/24/2016,348,
10/24/2016,11,
05/27/2018,99,
05/27/2018,32,
12/05/2015,349,
12/05/2015,173,
08/14/2017,16,
08/14/2017,106,
09/05/2017,26,
09/05/2017,16,
09/05/2017,11,
06/26/2018,359,
06/26/2018,546,
03/12/2018,41,
02/18/2018,168,
02/18/2018,110,
02/18/2018,10,
11/10/2018,27,
11/19/2015,23,
11/19/2015,10,
11/19/2015,214,
11/19/2015,1026,
11/18/2015,22,
09/24/2017,64,
11/20/2017,39,
09/27/2017,3,
04/09/2017,557,
09/21/2018,72,
09/21/2018,80,
08/24/2018,25,
08/24/2018,4,
02/22/2017,446,
02/22/2017,37,
02/22/2017,11,
12/08/2018,88,
12/08/2018,23,
12/08/2018,91,
12/08/2018,43,
09/18/2018,11,
09/18/2018,102,
09/11/2017,225,
09/23/2018,74,
09/23/2018,21,
09/23/2018,40,
10/06/2015,16,
10/23/2016,37,
10/23/2016,151,
03/31/2017,281,
03/31/2017,32,
12/29/2017,12,
11/03/2018,27,
01/20/2018,4,
12/03/2017,1650,
12/03/2017,112,
06/14/2017,600,
09/02/2017,47,
09/05/2015,32,
10/21/2018,162,
10/21/2018,5,
10/21/2018,7,
04/25/2018,9,
10/19/2016,1641,
10/19/2016,270,
07/05/2015,20,
07/05/2015,10,
07/05/2015,214,
04/04/2017,589,
11/13/2018,3,
09/09/2018,7,
04/17/2016,100,
04/17/2016,63,
04/17/2016,11,
07/25/2017,21,
08/26/2017,33,
08/26/2017,250,
09/12/2015,358,
09/12/2015,58,
09/12/2015,332,
09/12/2015,41,
07/22/2017,87,
05/19/2018,39,
04/28/2018,9,
04/28/2018,7,
12/29/2018,20,
12/29/2018,69,
09/04/2018,14,
09/04/2018,1479,
03/21/2015,17,
09/28/2018,10,
01/19/2015,33,
01/19/2015,57,
01/19/2015,109,
01/19/2015,182,
02/14/2015,17,
06/09/2017,123,
09/26/2015,586,
09/26/2015,20,
05/30/2017,124,
12/19/2018,14,
12/19/2018,79,
12/19/2018,103,
12/26/2018,751,
06/15/2018,45,
06/15/2018,85,
06/15/2018,18,
11/20/2017,129,
03/31/2015,2,
10/08/2018,104,
10/08/2018,36,
10/08/2018,240,
10/08/2018,41,
01/30/2018,420,
12/12/2015,24,
10/24/2016,4,
04/01/2018,24,
04/01/2018,7,
04/01/2018,21,
04/01/2018,219,
01/26/2018,19,
11/28/2015,8,
11/28/2015,42,
11/28/2015,412,
09/04/2016,8,
06/12/2018,64,
07/15/2018,7,
07/15/2018,8,
07/15/2018,42,
07/15/2018,665,
07/15/2018,9,
11/02/2018,4,
11/02/2018,21,
11/02/2018,9,
11/02/2018,860,
10/08/2017,62,
04/08/2017,18,
10/08/2016,146,
05/15/2018,57,
05/15/2018,12,
02/24/2015,33,
02/24/2015,23,
05/30/2016,240,
05/30/2016,161,
05/30/2016,129,
11/18/2017,1320,
12/04/2018,240,
12/04/2018,55,
12/04/2018,14,
12/04/2018,24,
12/04/2018,256,
06/05/2017,22,
06/05/2017,59,
12/10/2017,81,
04/30/2018,10,
04/24/2018,2,
05/08/2016,38,
03/31/2016,80,
08/06/2018,116,
12/02/2018,2480,
06/06/2017,180,
06/06/2017,27,
06/06/2017,324,
06/06/2017,60,
06/06/2017,65,
06/06/2017,12,
06/06/2017,13,
04/13/2016,18,
05/22/2018,182,
05/22/2018,2,
05/22/2018,23,
12/19/2017,456,
12/19/2017,11,
12/19/2017,6,
09/22/2018,68,
09/07/2018,26,
09/07/2018,127,
11/28/2015,44,
11/28/2015,140,
11/12/2015,3,
11/12/2015,17,
11/12/2015,80,
11/12/2015,37,
11/12/2015,68,
10/02/2018,11,
12/14/2016,7,
12/14/2016,57,
12/06/2016,7,
12/06/2016,1326,
12/06/2016,15,
03/31/2018,35,
03/31/2018,3000,
03/31/2018,65,
03/13/2018,20,
03/13/2018,210,
03/13/2018,30,
03/13/2018,90,
03/13/2018,960,
03/13/2018,16,
03/13/2018,35,
12/05/2015,99,
12/05/2015,30,
12/05/2015,18,
12/05/2015,37,
12/05/2015,180,
12/12/2017,384,
12/12/2017,57,
09/09/2018,7,
09/09/2018,244,
09/09/2018,48,
10/04/2018,20,
05/09/2017,8,
12/15/2015,7,
11/30/2018,84,
11/30/2018,547,
11/30/2018,270,
03/19/2016,11,
07/19/2015,7,
12/08/2017,35,
12/08/2017,353,
10/13/2015,246,
10/13/2015,19,
11/19/2018,60,
09/24/2018,392,
09/24/2018,438,
09/25/2016,69,
02/13/2018,26,
02/13/2018,11,
10/03/2015,56,
10/03/2015,15,
10/03/2015,143,
08/27/2017,15,
08/27/2017,80,
12/03/2016,591,
09/20/2017,18,
09/20/2017,99,
03/25/2018,12,
12/06/2016,8,
08/31/2018,660,
10/05/2016,54,
08/18/2018,844,
08/18/2018,1497,
02/02/2017,118,
08/23/2017,22,
08/23/2017,1041,
08/23/2017,30,
06/30/2018,20,
09/18/2016,444,
09/25/2017,500,
09/25/2017,4,
09/25/2017,202,
09/25/2017,69,
10/24/2017,100,
10/24/2017,360,
09/29/2015,7,
09/29/2015,2349,
06/26/2018,14,
06/26/2018,274,
08/21/2017,816,
02/11/2015,235,
02/11/2015,1257,
02/11/2015,18,
09/23/2017,11,
12/05/2016,153,
09/03/2018,83,
09/03/2018,285,
03/26/2018,61,
12/21/2015,1326,
12/21/2015,573,
09/23/2015,29,
04/02/2018,12,
04/01/2017,8,
05/15/2016,18,
03/23/2018,35,
04/14/2018,75,
01/04/2016,193,
11/02/2018,20,
07/17/2018,33,
07/17/2018,58,
07/17/2018,11,
07/17/2018,1195,
10/06/2018,41,
11/04/2015,3,
12/18/2017,46,
12/18/2017,19,
12/18/2017,12,
12/18/2017,113,
12/18/2017,378,
12/18/2017,16,
12/18/2017,29,
09/24/2017,22,
09/24/2017,512,
07/21/2017,19,
07/21/2017,12,
07/21/2017,67,
07/21/2017,100,
06/11/2017,15,
06/11/2017,54,
06/11/2017,390,
06/09/2016,356,
06/09/2016,141,
10/27/2018,16,
10/27/2018,9,
01/22/2017,13,
05/28/2015,58,
05/28/2015,28,
12/29/2015,39,
07/28/2017,21,
07/28/2017,110,
09/24/2017,7,
09/24/2017,7,
04/02/2015,16,
04/02/2015,1050,
04/02/2015,155,
11/05/2016,99,
07/28/2015,15,
07/28/2015,130,
07/28/2015,49,
12/26/2016,276,
12/10/2016,28,
12/10/2016,45,
12/10/2016,135,
12/10/2016,27,
12/10/2016,543,
05/05/2017,72,
10/14/2018,28,
10/14/2018,14,
11/05/2017,12,
11/03/2018,36,
11/24/2017,41,
11/24/2017,140,
12/14/2015,3,
12/14/2015,137,
12/14/2015,264,
11/03/2015,12,
09/22/2018,41,
05/08/2016,80,
05/08/2016,358,
05/08/2016,128,
05/08/2016,2800,
05/08/2016,20,
07/31/2018,37,
03/01/2015,6,
09/25/2018,178,
10/09/2016,620,
10/09/2016,30,
10/09/2016,58,
10/09/2016,30,
03/29/2018,82,
11/14/2016,9,
11/14/2016,92,
11/14/2016,160,
09/26/2017,13,
09/22/2015,332,
09/25/2016,900,
05/04/2016,947,
12/08/2018,179,
12/08/2018,1090,
12/08/2018,62,
12/08/2018,460,
12/08/2018,28,
06/29/2018,639,
06/29/2018,31,
06/29/2018,26,
06/29/2015,14,
01/20/2015,20,
01/20/2015,20,
12/31/2017,39,
03/28/2018,13,
03/28/2018,27,
03/28/2018,533,
03/28/2018,27,
03/28/2018,21,
03/28/2018,796,
03/28/2018,22,
12/08/2017,250,
12/08/2017,69,
12/08/2017,17,
11/18/2018,75,
05/30/2015,356,
01/22/2017,45,
01/22/2017,21,
02/03/2017,867,
03/29/2016,6,
10/14/2015,4,
10/14/2015,2000,
08/11/2016,47,
11/22/2016,33,
12/30/2017,482,
12/30/2017,7,
08/12/2018,543,
08/12/2018,55,
11/03/2016,1449,
09/10/2016,354,
11/08/2015,334,
10/08/2017,61,
09/08/2018,86,
02/25/2016,4,
02/25/2016,23,
09/24/2016,15,
09/24/2016,1159,
11/26/2016,600,
08/31/2017,24,
04/12/2017,639,
04/12/2017,14,
12/04/2017,16,
12/04/2017,105,
11/11/2015,31,
11/11/2015,113,
04/02/2016,72,
12/12/2016,3,
12/12/2016,16,
12/12/2016,37,
10/02/2018,218,
10/02/2018,40,
10/02/2018,23,
10/02/2018,96,
04/10/2018,13,
04/10/2018,5,
09/29/2018,35,
09/29/2018,73,
09/29/2018,98,
09/29/2018,52,
09/29/2018,47,
09/29/2015,1396,
09/29/2015,118,
09/29/2015,19,
09/29/2015,78,
08/20/2015,422,
07/11/2015,576,
07/11/2015,11,
03/22/2016,16,
05/12/2018,11,
11/13/2018,62,
11/13/2018,206,
09/04/2017,13,
09/04/2017,88,
09/04/2017,32,
02/06/2017,133,
03/22/2016,106,
03/22/2016,92,
03/22/2016,1488,
07/02/2016,20,
06/15/2016,12,
11/26/2015,280,
11/26/2015,13,
11/26/2015,18,
11/26/2015,94,
11/26/2015,12,
05/12/2018,239,
05/12/2018,8,
05/12/2018,286,
05/12/2018,20,
05/02/2015,27,
09/03/2018,420,
09/03/2018,91,
09/03/2018,182,
09/03/2018,6,
12/03/2017,582,
12/03/2017,30,
07/18/2016,520,
07/21/2017,7,
07/21/2017,364,
06/09/2016,65,
06/09/2016,39,
06/09/2016,73,
11/27/2018,58,
03/27/2016,84,
09/22/2016,33,
09/22/2016,48,
11/17/2016,416,
11/17/2016,305,
11/17/2016,81,
11/17/2016,778,
11/17/2016,33,
11/17/2016,226,
11/17/2016,37,
11/10/2016,716,
11/10/2016,796,
11/10/2016,550,
11/10/2016,75,
11/10/2016,30,
09/10/2015,10,
08/05/2016,34,
08/05/2016,24,
08/05/2016,2,
08/05/2016,15,
09/03/2018,240,
11/01/2016,302,
04/29/2016,8,
05/01/2017,110,
05/01/2017,20,
05/01/2017,12,
08/05/2015,80,
08/05/2015,5,
08/05/2015,1134,
01/04/2017,5,
01/04/2017,105,
11/07/2017,1604,
06/14/2017,1294,
09/24/2017,128,
03/30/2018,60,
06/04/2018,109,
06/04/2018,10,
04/07/2016,12,
05/21/2015,448,
05/21/2015,18,
05/21/2015,246,
09/05/2017,193,
09/18/2017,802,
09/18/2017,369,
09/18/2017,886,
03/13/2017,29,
03/13/2017,4913,
10/16/2015,15,
10/16/2015,180,
10/08/2018,43,
05/07/2016,46,
04/14/2017,26,
11/21/2017,39,
11/21/2017,22,
11/21/2017,82,
09/10/2018,3,
09/09/2018,100,
11/01/2015,45,
11/01/2015,22,
04/03/2017,72,
04/03/2017,260,
01/12/2018,10,
11/20/2016,25,
11/27/2017,32,
11/06/2018,60,
11/06/2018,46,
11/06/2018,27,
11/06/2018,42,
11/06/2018,17,
12/02/2017,25,
12/02/2017,60,
12/02/2017,15,
12/02/2017,105,
12/17/2017,47,
08/24/2015,26,
09/17/2016,15,
09/17/2016,88,
09/17/2016,200,
09/17/2016,95,
09/17/2016,4229,
09/17/2016,2004,
09/17/2016,210,
09/17/2016,660,
09/17/2016,111,
09/17/2016,68,
11/26/2017,314,
11/19/2018,23,
06/03/2018,1100,
04/08/2015,1216,
10/11/2015,8,
10/11/2015,9,
07/07/2018,88,
07/07/2018,16,
07/07/2018,684,
07/07/2018,14,
07/07/2018,17,
07/07/2018,528,
07/04/2017,26,
07/04/2017,178,
07/04/2017,72,
05/19/2018,96,
05/19/2018,14,
10/12/2018,436,
10/12/2018,6,
08/06/2017,212,
08/25/2015,7,
08/25/2015,96,
08/25/2015,26,
08/25/2015,49,
09/14/2016,26,
03/05/2018,43,
03/05/2018,300,
03/05/2018,263,
03/05/2018,235,
04/15/2018,21,
03/30/2015,11,
11/11/2015,24,
11/11/2015,522,
03/12/2017,677,
03/12/2017,155,
03/12/2017,31,
03/12/2017,771,
02/09/2018,22,
11/11/2015,576,
11/11/2015,8,
11/11/2015,124,
08/20/2018,18,
08/20/2018,227,
08/20/2018,108,
01/15/2017,82,
07/20/2015,105,
07/20/2015,9,
07/20/2015,20,
07/20/2015,44,
02/06/2018,241,
12/25/2016,415,
10/08/2017,388,
07/13/2018,361,
07/13/2018,14,
04/24/2018,552,
09/07/2015,430,
09/07/2015,33,
09/07/2015,162,
09/07/2015,20,
11/21/2017,13,
09/16/2018,21,
07/19/2017,186,
07/19/2017,78,
07/19/2017,88,
07/19/2017,246,
07/19/2017,9,
07/19/2017,505,
09/15/2018,2358,
09/15/2018,370,
09/15/2018,185,
12/11/2017,65,
12/11/2017,14,
12/11/2017,459,
12/11/2017,388,
12/11/2017,329,
12/10/2015,339,
12/10/2015,26,
12/10/2015,92,
12/13/2015,88,
12/13/2015,6,
09/21/2018,13,
09/07/2018,20,
11/02/2016,110,
12/11/2018,129,
04/01/2018,128,
12/30/2016,69,
12/30/2016,75,
12/30/2016,2549,
12/30/2016,272,
12/30/2016,288,
03/10/2017,15,
03/10/2017,4159,
04/06/2015,92,
04/06/2015,34,
04/06/2015,20,
04/06/2015,56,
10/05/2015,92,
08/13/2017,18,
08/13/2017,72,
11/17/2015,8,
04/24/2018,70,
08/24/2018,647,
08/24/2018,11,
02/23/2018,9,
02/23/2018,72,
11/19/2017,19,
11/14/2017,10,
07/06/2018,240,
12/25/2017,22,
04/23/2018,55,
12/14/2016,16,
04/19/2016,20,
04/19/2016,311,
09/04/2017,43,
09/04/2017,114,
09/04/2017,130,
09/04/2017,6,
09/24/2018,860,
09/24/2018,507,
02/04/2017,15,
05/19/2018,315,
05/19/2018,28,
09/03/2016,239,
06/09/2017,693,
11/07/2016,17,
11/07/2016,1346,
06/15/2017,174,
04/25/2016,58,
04/25/2016,273,
09/23/2017,12,
09/23/2017,28,
09/23/2017,13,
08/18/2017,3,
08/18/2017,84,
03/02/2015,12,
03/02/2015,37,
12/30/2015,28,
04/10/2016,143,
04/10/2016,15,
12/25/2016,1200,
12/25/2016,13,
12/25/2016,18,
04/05/2016,24,
01/17/2016,89,
05/20/2018,519,
05/20/2018,7,
05/20/2018,344,
08/13/2018,18,
12/31/2016,153,
12/31/2016,4,
12/31/2016,6,
12/25/2018,154,
12/25/2018,271,
09/01/2017,469,
09/01/2017,73,
09/01/2017,11,
09/01/2017,192,
08/05/2018,152,
02/18/2015,26,
11/22/2017,7,
11/22/2017,24,
11/22/2017,25,
11/22/2017,3,
11/22/2017,5,
12/14/2016,30,
06/13/2016,7,
12/28/2018,2,
09/20/2018,273,
09/20/2018,213,
09/20/2018,39,
09/20/2018,73,
09/20/2018,46,
09/20/2018,14,
09/20/2018,81,
09/20/2018,12,
09/20/2018,5,
09/20/2018,2889,
09/20/2018,1300,
09/20/2018,2255,
09/20/2018,105,
09/20/2018,60,
08/22/2018,315,
06/18/2016,14,
12/20/2015,20,
12/20/2015,66,
09/11/2017,6,
09/11/2017,2,
11/12/2017,1475,
11/12/2017,111,
11/12/2017,17,
11/12/2017,1538,
11/12/2017,450,
03/14/2017,42,
11/13/2017,2280,
11/13/2017,15,
09/19/2018,192,
09/19/2018,24,
09/19/2018,410,
09/19/2018,73,
12/04/2018,62,
08/31/2016,21,
06/03/2018,45,
06/03/2018,12,
06/03/2018,4,
03/31/2017,328,
10/25/2015,50,
03/26/2018,54,
03/26/2018,4,
12/27/2015,768,
09/15/2018,164,
08/16/2017,162,
11/04/2017,193,
10/18/2016,28,
10/18/2016,74,
10/31/2017,33,
03/30/2015,206,
04/18/2016,116,
07/09/2018,275,
07/09/2018,196,
07/09/2018,258,
07/09/2018,120,
06/27/2018,21,
12/22/2015,12,
11/21/2018,12,
11/21/2018,41,
06/27/2017,202,
12/28/2018,341,
04/08/2017,355,
03/18/2015,1199,
07/03/2018,88,
04/20/2018,52,
04/20/2018,52,
04/20/2018,333,
04/20/2018,43,
08/03/2017,82,
08/03/2017,168,
12/03/2017,773,
03/19/2015,324,
03/19/2015,12,
03/19/2015,27,
03/19/2015,34,
03/19/2015,5,
03/19/2015,21,
03/19/2015,171,
04/20/2016,118,
09/19/2016,23,
08/27/2015,14,
12/19/2017,35,
12/19/2017,4,
08/02/2015,27,
08/02/2015,22,
08/02/2015,839,
09/21/2016,1691,
09/21/2016,86,
09/21/2016,122,
09/21/2016,24,
09/21/2016,64,
09/21/2016,630,
09/21/2016,114,
09/21/2016,15,
09/21/2016,888,
12/11/2017,404,
08/07/2016,107,
11/15/2016,71,
11/15/2016,35,
11/15/2016,120,
04/04/2018,384,
12/24/2017,800,
12/13/2018,32,
12/22/2018,26,
12/22/2018,7,
12/22/2018,76,
10/21/2018,330,
10/21/2018,72,
11/13/2016,64,
11/13/2016,51,
11/13/2016,97,
04/16/2016,1440,
04/16/2016,44,
12/16/2017,564,
10/21/2017,236,
12/01/2018,8,
10/20/2017,52,
10/20/2017,26,
10/20/2017,57,
09/29/2018,52,
08/18/2018,2794,
08/18/2018,1001,
08/18/2018,66,
11/12/2018,19,
11/12/2018,77,
10/11/2015,8,
11/28/2016,69,
11/28/2016,63,
07/27/2016,30,
10/20/2017,126,
10/20/2017,192,
10/20/2017,21,
09/14/2018,57,
12/23/2018,73,
12/23/2018,13,
12/23/2018,219,
10/05/2016,67,
10/05/2016,292,
11/02/2015,89,
01/22/2017,111,
01/22/2017,56,
07/11/2018,31,
09/11/2018,178,
09/11/2018,20,
09/11/2018,72,
09/11/2018,1472,
09/11/2018,80,
02/23/2017,58,
01/22/2017,27,
12/12/2016,167,
12/12/2016,361,
10/29/2017,12,
05/28/2018,248,
12/21/2015,19,
11/24/2017,26,
11/20/2016,120,
11/20/2016,23,
11/20/2016,14,
05/29/2018,44,
05/29/2018,7,
05/29/2018,466,
05/29/2018,8,
12/02/2015,3,
04/07/2015,59,
04/07/2015,201,
09/08/2016,22,
09/09/2018,10,
09/06/2016,4,
11/02/2018,385,
03/28/2016,23,
08/13/2016,12,
05/12/2016,15,
07/23/2018,42,
09/24/2017,443,
05/05/2018,35,
10/06/2017,29,
11/03/2015,4,
11/03/2015,144,
10/01/2016,312,
10/01/2016,23,
12/02/2018,40,
12/02/2018,1160,
12/02/2018,180,
12/11/2018,117,
07/17/2017,13,
07/17/2017,429,
07/17/2017,25,
07/17/2017,88,
07/17/2017,70,
07/17/2017,21,
07/17/2017,13,
05/12/2018,6,
11/20/2016,64,
11/20/2016,142,
09/24/2017,305,
09/24/2017,564,
10/21/2017,662,
10/24/2017,240,
07/08/2015,503,
07/08/2015,197,
03/13/2016,916,
03/13/2016,328,
12/02/2018,702,
04/22/2016,89,
04/22/2016,65,
09/16/2015,34,
12/28/2015,1738,
12/28/2015,705,
12/28/2015,142,
10/21/2015,37,
11/30/2018,26,
06/06/2015,25,
06/06/2015,14,
11/23/2018,196,
06/18/2018,75,
05/05/2018,7,
11/04/2017,18,
11/04/2017,105,
11/04/2017,48,
11/04/2017,651,
11/04/2017,630,
11/04/2017,16,
09/11/2015,128,
02/16/2018,580,
02/16/2018,15,
11/24/2015,152,
11/24/2015,197,
11/24/2015,145,
11/24/2015,16,
11/25/2018,40,
11/25/2018,35,
09/28/2018,11,
10/13/2015,8,
06/03/2015,16,
06/17/2015,66,
10/29/2016,34,
10/29/2016,211,
01/20/2015,14,
01/20/2015,273,
01/20/2015,20,
01/20/2015,248,
01/20/2015,67,
01/20/2015,44,
01/20/2015,15,
01/20/2015,30,
07/11/2015,50,
07/11/2015,19,
08/30/2017,48,
08/30/2017,340,
10/05/2018,88,
10/05/2018,222,
10/05/2018,5200,
12/31/2017,157,
03/07/2016,120,
03/07/2016,31,
03/07/2016,70,
03/07/2016,588,
10/20/2018,25,
05/01/2016,13,
05/01/2016,38,
05/01/2016,36,
09/03/2018,109,
11/03/2018,362,
09/13/2016,3,
09/06/2016,9,
09/06/2016,338,
10/06/2015,84,
01/23/2018,20,
01/23/2018,26,
01/23/2018,7,
01/23/2018,87,
12/10/2016,57,
11/25/2015,52,
11/21/2018,151,
11/21/2018,1040,
11/21/2018,52,
04/04/2018,42,
04/04/2018,241,
04/04/2018,120,
05/19/2018,134,
10/03/2017,39,
11/21/2017,114,
10/03/2018,84,
10/03/2018,7,
10/03/2018,372,
04/29/2015,562,
04/29/2015,100,
10/07/2017,5,
12/15/2017,15,
04/10/2018,100,
04/10/2018,287,
04/08/2015,50,
03/29/2017,300,
03/29/2017,159,
01/15/2018,33,
01/15/2018,48,
01/15/2018,63,
01/15/2018,5,
01/30/2015,11,
01/30/2015,230,
02/07/2016,312,
02/07/2016,13,
12/14/2017,15,
12/14/2017,6,
12/14/2017,22,
12/14/2017,397,
12/14/2017,18,
12/14/2017,24,
10/31/2018,6,
08/06/2018,825,
08/06/2018,25,
08/06/2018,228,
05/30/2018,242,
05/30/2018,4,
05/30/2018,9,
11/30/2016,178,
08/31/2018,570,
08/31/2018,150,
05/14/2018,900,
05/14/2018,47,
05/14/2018,48,
05/14/2018,8,
05/14/2018,77,
08/17/2018,103,
08/17/2018,99,
11/10/2018,12,
08/21/2018,84,
03/08/2017,109,
03/08/2017,6,
10/31/2017,22,
10/31/2017,369,
10/31/2017,13,
10/31/2017,333,
07/26/2015,112,
10/24/2016,455,
08/19/2018,20,
05/23/2017,8400,
05/23/2017,7,
05/23/2017,11,
05/23/2017,123,
11/03/2015,26,
11/03/2015,946,
11/03/2015,15,
11/03/2015,411,
03/30/2016,24,
03/30/2016,181,
05/27/2018,35,
05/27/2018,478,
05/27/2018,303,
12/14/2018,975,
10/04/2015,590,
10/13/2017,35,
10/13/2017,100,
10/13/2017,38,
10/13/2017,25,
10/13/2017,83,
03/05/2016,8,
03/04/2018,104,
03/04/2018,3,
03/04/2018,9,
09/25/2016,11,
09/25/2016,46,
09/25/2016,7,
12/19/2016,159,
10/08/2016,4,
07/31/2018,57,
07/31/2018,37,
08/05/2015,136,
08/05/2015,16,
05/14/2018,4,
05/14/2018,15,
05/14/2018,38,
05/14/2018,90,
05/14/2018,262,
05/14/2018,74,
09/22/2017,14,
11/13/2016,85,
05/22/2018,69,
12/02/2017,2080,
12/02/2017,630,
12/02/2017,73,
08/29/2016,132,
08/29/2016,115,
06/06/2015,101,
03/18/2017,872,
01/14/2015,62,
06/03/2018,5,
06/03/2018,6,
06/03/2018,206,
06/03/2018,16,
06/03/2018,504,
06/03/2018,25,
06/03/2018,242,
06/03/2018,111,
06/03/2018,385,
06/03/2018,79,
06/03/2018,46,
03/21/2016,963,
03/21/2016,13,
03/21/2016,296,
09/19/2018,33,
09/15/2015,104,
11/20/2017,290,
11/20/2017,40,
11/20/2017,245,
10/28/2018,24,
10/28/2018,16,
10/28/2018,27,
07/24/2016,21,
07/24/2016,136,
07/24/2016,280,
07/24/2016,91,
11/02/2015,540,
11/02/2015,51,
11/02/2015,20,
11/17/2018,1248,
06/26/2017,6,
10/09/2017,20,
10/09/2017,333,
12/20/2018,280,
12/20/2018,51,
12/20/2018,35,
03/06/2018,24,
03/06/2018,12,
03/06/2018,287,
03/06/2018,207,
09/15/2018,219,
09/15/2018,530,
09/15/2018,100,
09/15/2018,109,
09/15/2018,3,
01/16/2018,5444,
01/16/2018,303,
01/16/2018,57,
07/07/2017,11,
07/07/2017,60,
07/07/2017,6,
07/07/2017,10,
12/23/2017,2000,
12/22/2015,217,
02/23/2015,7,
02/23/2015,5,
12/04/2018,9,
12/04/2018,143,
12/04/2018,400,
11/17/2015,2153,
11/17/2015,4008,
10/20/2015,329,
10/20/2015,99,
10/25/2016,159,
10/25/2016,292,
11/16/2018,74,
11/16/2018,140,
11/16/2018,108,
11/16/2018,34,
05/14/2018,59,
05/14/2018,6,
05/14/2018,25,
03/01/2015,635,
03/01/2015,18,
07/30/2016,156,
11/01/2016,328,
12/16/2018,14,
12/16/2018,159,
10/20/2015,320,
10/20/2015,506,
10/20/2015,4,
10/20/2015,9,
10/20/2015,25,
06/05/2016,1523,
07/21/2017,420,
07/21/2017,4,
03/31/2018,34,
05/07/2015,17,
05/07/2015,195,
05/07/2015,9,
05/07/2015,873,
02/05/2018,244,
02/05/2018,8,
04/18/2015,3,
04/18/2015,318,
04/18/2015,150,
04/18/2015,228,
05/10/2017,12,
11/25/2017,564,
11/25/2017,320,
03/03/2018,1050,
03/03/2018,171,
12/06/2016,174,
08/25/2015,1008,
10/22/2017,7,
10/22/2017,9,
10/22/2017,102,
08/07/2017,180,
07/21/2018,102,
07/21/2018,272,
07/21/2018,9,
07/21/2018,20,
07/21/2018,303,
07/21/2018,15,
07/21/2018,232,
03/23/2015,10,
04/30/2016,35,
04/30/2016,20,
06/13/2017,34,
05/04/2016,126,
04/23/2018,12,
04/23/2018,6,
06/06/2015,2,
06/06/2015,63,
12/02/2015,61,
12/02/2015,147,
12/02/2015,240,
12/02/2015,16,
06/17/2018,147,
05/26/2017,6,
05/26/2017,46,
05/26/2017,212,
05/26/2017,485,
05/26/2017,372,
03/10/2016,90,
10/20/2017,20,
04/21/2016,192,
04/21/2016,22,
04/21/2016,470,
04/21/2016,210,
06/17/2017,240,
06/17/2017,23,
06/17/2017,220,
01/13/2018,33,
01/13/2018,210,
01/13/2018,4165,
01/13/2018,213,
09/06/2015,42,
09/06/2015,59,
01/19/2016,103,
01/19/2016,200,
12/14/2015,7000,
05/23/2015,13,
09/19/2016,280,
10/02/2016,8,
12/25/2017,699,
12/25/2017,1748,
05/06/2017,55,
10/24/2017,200,
05/06/2018,69,
05/06/2018,628,
05/06/2018,123,
11/27/2018,7,
11/27/2018,108,
10/31/2015,1422,
08/05/2018,126,
08/05/2018,80,
08/05/2018,134,
08/10/2016,439,
08/10/2016,140,
08/10/2016,134,
12/15/2017,565,
12/15/2017,88,
09/08/2018,43,
09/08/2018,320,
09/08/2018,46,
09/08/2018,22,
09/08/2018,21,
09/08/2018,214,
02/20/2018,334,
02/20/2018,32,
02/20/2018,52,
02/20/2018,11,
02/20/2018,69,
02/20/2018,387,
08/08/2016,40,
08/08/2016,114,
08/08/2016,448,
10/26/2018,357,
10/26/2018,252,
07/14/2017,220,
05/12/2018,43,
05/12/2018,7,
05/12/2018,17,
05/12/2018,88,
05/25/2018,30,
08/23/2015,50,
09/11/2016,266,
09/05/2016,68,
11/21/2016,11,
11/21/2016,84,
11/21/2016,20,
11/21/2016,394,
10/10/2015,47,
09/02/2018,11,
09/02/2018,80,
09/02/2018,147,
01/01/2018,4,
11/05/2015,21,
12/17/2016,181,
12/17/2016,42,
12/17/2016,14,
05/14/2016,1118,
03/10/2018,112,
12/02/2018,13,
07/31/2018,18,
07/31/2018,156,
08/11/2018,478,
09/30/2018,165,
08/26/2017,48,
12/02/2017,416,
12/02/2017,36,
12/02/2017,55,
07/21/2018,17,
07/21/2018,226,
07/21/2018,51,
05/20/2016,164,
05/20/2016,7,
06/23/2016,218,
06/23/2016,6,
06/23/2016,144,
09/10/2017,520,
04/13/2015,8,
11/14/2016,884,
11/14/2016,231,
12/09/2017,274,
08/18/2018,10,
12/14/2018,267,
12/14/2018,57,
12/14/2018,40,
12/14/2018,96,
04/08/2017,30,
04/08/2017,26,
04/08/2017,160,
12/16/2017,35,
09/19/2018,150,
09/19/2018,24,
09/19/2018,17,
09/04/2018,15,
09/12/2017,11,
09/12/2017,12,
09/12/2017,21,
08/10/2018,178,
11/04/2017,51,
06/18/2016,7,
06/18/2016,644,
06/18/2016,21,
07/04/2015,178,
07/04/2015,33,
12/20/2016,12,
04/10/2017,114,
04/10/2017,580,
04/10/2017,151,
04/10/2017,49,
05/26/2015,103,
05/26/2015,360,
05/26/2015,14,
07/06/2018,123,
02/16/2016,36,
06/16/2018,480,
06/16/2018,24,
11/13/2018,630,
12/11/2018,15,
12/11/2018,18,
12/11/2018,117,
06/28/2017,122,
06/28/2017,9,
06/28/2017,62,
06/28/2017,8,
06/28/2017,276,
09/15/2018,48,
09/15/2018,513,
09/15/2018,396,
09/15/2018,82,
12/02/2018,33,
06/26/2018,273,
07/24/2017,254,
09/02/2017,30,
09/02/2017,36,
09/02/2017,1363,
04/20/2018,318,
04/20/2018,16,
04/20/2018,15,
08/12/2015,197,
09/19/2018,36,
12/09/2018,420,
12/09/2018,14,
11/04/2017,8,
11/04/2017,5,
11/04/2017,39,
03/29/2016,18,
09/05/2017,94,
01/28/2018,450,
09/03/2017,345,
09/03/2017,15,
09/03/2017,13,
09/03/2017,59,
07/25/2018,21,
07/25/2018,38,
07/25/2018,139,
07/25/2018,260,
07/25/2018,21,
09/13/2016,130,
09/13/2016,70,
09/07/2016,141,
11/16/2017,9,
11/10/2017,10,
08/15/2015,63,
11/16/2016,22,
11/16/2016,240,
11/16/2016,35,
08/25/2016,21,
08/25/2016,4,
08/25/2016,8,
12/25/2017,36,
12/25/2017,270,
12/25/2017,46,
12/25/2017,101,
12/25/2017,48,
10/05/2015,100,
11/22/2015,10,
12/25/2018,4,
03/31/2016,99,
03/31/2016,23,
09/14/2018,4,
09/14/2018,13,
09/14/2018,114,
09/14/2018,19,
09/14/2018,128,
09/14/2018,242,
06/17/2015,7,
06/17/2015,18,
06/17/2015,3267,
12/28/2018,2,
12/28/2018,8,
12/28/2018,114,
12/28/2018,3,
11/02/2018,169,
07/25/2016,99,
07/25/2016,359,
10/02/2017,33,
10/02/2017,17500,
10/02/2017,736,
10/02/2017,35,
10/02/2017,34,
12/24/2017,198,
07/21/2018,18,
10/10/2016,9,
09/08/2017,147,
11/20/2017,28,
10/15/2018,153,
10/15/2018,23,
07/06/2016,12,
02/05/2018,1641,
02/05/2018,372,
12/06/2016,15,
09/12/2017,21,
09/12/2017,12,
09/12/2017,68,
09/12/2017,1060,
07/06/2015,479,
05/09/2017,33,
07/18/2017,56,
06/18/2017,77,
04/20/2015,60,
01/08/2017,1566,
01/08/2017,107,
12/23/2018,63,
12/23/2018,495,
12/23/2018,368,
12/23/2018,45,
12/23/2018,183,
04/17/2018,29,
04/17/2018,8,
04/17/2018,11,
04/17/2018,275,
04/17/2018,24,
04/17/2018,219,
12/01/2018,11,
08/21/2017,13,
08/21/2017,92,
08/21/2017,255,
08/21/2017,32,
08/21/2017,2888,
08/21/2017,13,
08/21/2017,48,
12/05/2017,12,
12/16/2016,5,
10/17/2015,11,
10/17/2015,120,
09/05/2017,26,
09/05/2017,1653,
10/15/2016,132,
10/15/2016,6,
12/01/2016,2004,
12/01/2016,33,
12/01/2016,1914,
12/01/2016,147,
12/01/2016,115,
05/31/2016,2568,
09/10/2018,38,
09/10/2018,260,
04/25/2018,20,
04/25/2018,74,
09/18/2018,96,
09/18/2018,51,
09/18/2018,114,
09/18/2018,26,
09/18/2018,21,
09/18/2018,412,
09/18/2018,35,
09/18/2018,245,
08/18/2018,11,
05/24/2016,603,
05/24/2016,8,
09/07/2016,560,
07/24/2018,2400,
09/02/2018,16,
09/02/2018,6,
09/02/2018,236,
12/06/2018,11,
05/20/2018,42,
09/27/2017,1002,
12/10/2018,15,
09/13/2015,3,
07/29/2018,116,
08/01/2018,187,
05/02/2018,160,
06/12/2016,56,
12/22/2015,133,
12/22/2015,18,
12/22/2015,125,
12/16/2015,1404,
04/16/2017,29,
05/21/2016,25,
02/26/2018,357,
04/04/2018,17,
03/16/2016,492,
03/16/2016,8,
11/30/2016,24,
11/30/2016,682,
07/28/2017,19,
06/23/2017,94,
06/23/2017,22,
06/23/2017,863,
06/23/2017,20,
07/14/2015,14,
07/14/2015,24,
07/14/2015,32,
07/14/2015,42,
11/30/2018,96,
09/02/2017,85,
06/15/2015,37,
11/05/2017,480,
06/26/2018,103,
06/26/2018,29,
06/26/2018,714,
06/26/2018,69,
07/25/2016,624,
09/23/2015,12,
09/30/2017,524,
11/09/2016,3,
04/25/2016,222,
04/25/2016,129,
11/19/2018,59,
11/19/2018,80,
11/20/2016,480,
10/02/2016,12,
10/02/2016,54,
10/02/2016,504,
04/25/2016,22,
07/14/2017,37,
07/14/2017,52,
09/27/2016,16,
09/27/2016,147,
09/27/2016,13,
11/10/2018,8,
07/16/2017,11,
07/16/2017,23,
07/16/2017,25,
07/16/2017,76,
07/16/2017,7,
07/16/2017,61,
10/16/2016,825,
01/10/2017,25,
09/19/2018,13,
09/19/2018,90,
09/19/2018,472,
09/19/2018,19,
09/15/2018,32,
06/28/2016,6,
06/28/2016,622,
11/25/2017,60,
11/25/2018,49,
01/14/2018,155,
11/07/2015,6,
11/07/2015,31,
09/01/2017,25,
09/01/2017,9,
09/01/2017,377,
09/01/2017,30,
09/01/2017,12,
09/01/2017,27,
11/11/2018,1159,
12/11/2018,2,
11/08/2016,45,
11/08/2016,227,
11/08/2016,187,
11/08/2016,266,
11/08/2016,28,
11/19/2016,32,
12/23/2018,14,
12/23/2018,176,
09/16/2017,13,
05/26/2018,209,
05/26/2018,26,
03/30/2016,367,
08/19/2015,290,
08/19/2015,70,
12/23/2015,6,
11/01/2016,206,
12/15/2015,9,
08/21/2016,13,
08/21/2016,599,
08/21/2016,26,
05/23/2015,18,
05/23/2015,6,
05/23/2015,209,
12/09/2018,149,
03/11/2015,147,
03/11/2015,33,
03/11/2015,588,
03/11/2015,15,
06/23/2017,26,
08/23/2015,16,
08/23/2015,7,
08/23/2015,5,
08/23/2015,144,
08/23/2015,32,
08/23/2015,224,
02/06/2018,228,
02/06/2018,47,
01/29/2018,6,
12/20/2017,34,
11/11/2017,29,
11/11/2017,36,
11/11/2017,93,
11/11/2017,246,
11/11/2017,56,
11/11/2017,36,
11/09/2018,524,
05/02/2015,480,
09/22/2018,13,
09/22/2018,18,
12/17/2018,167,
12/17/2018,25,
12/17/2018,125,
07/18/2018,600,
07/18/2018,199,
07/18/2018,10,
11/03/2017,10,
04/08/2015,100,
04/08/2015,400,
08/14/2017,16,
09/25/2015,15,
12/11/2017,210,
12/11/2017,24,
12/11/2017,31,
12/11/2017,120,
12/11/2017,364,
12/11/2017,36,
12/11/2017,123,
12/11/2017,893,
12/11/2017,51,
12/11/2017,84,
12/11/2017,6,
02/03/2016,13,
12/29/2017,28,
08/31/2018,7,
02/04/2018,33,
12/06/2015,1262,
05/30/2017,39,
05/21/2017,2,
05/21/2017,83,
08/09/2015,6,
09/05/2017,10,
07/23/2017,5,
07/23/2017,6,
07/23/2017,176,
07/23/2017,5,
07/23/2017,14,
05/12/2017,55,
09/02/2017,23,
09/02/2017,310,
09/02/2017,20,
09/02/2017,473,
09/02/2017,1013,
09/02/2017,18,
07/21/2018,4,
07/21/2018,1627,
09/25/2018,9,
09/25/2018,191,
08/03/2018,100,
10/25/2016,80,
06/15/2018,120,
01/09/2016,107,
01/09/2016,164,
01/09/2016,43,
01/09/2016,52,
02/09/2016,480,
08/19/2017,147,
08/19/2017,277,
08/19/2017,26,
11/06/2018,319,
12/26/2016,213,
11/23/2015,24,
08/01/2017,20,
09/21/2015,7,
09/04/2018,422,
06/19/2018,761,
06/19/2018,39,
06/19/2018,123,
04/19/2017,26,
04/19/2017,4,
04/19/2017,460,
04/19/2017,8,
04/19/2017,72,
04/19/2017,55,
04/19/2017,10,
05/05/2017,1686,
05/05/2017,6,
10/18/2015,62,
10/18/2015,2,
02/13/2018,18,
11/17/2018,14,
01/20/2015,68,
12/01/2018,42,
12/01/2018,142,
08/09/2016,11,
08/09/2016,145,
09/27/2017,18,
09/27/2017,14,
11/14/2017,17,
11/14/2017,20,
04/16/2017,36,
04/16/2017,124,
11/26/2018,258,
11/26/2018,1880,
11/26/2018,28,
11/26/2018,90,
11/26/2018,829,
11/20/2016,8,
11/20/2016,18,
11/20/2016,63,
11/20/2016,291,
09/07/2018,114,
09/07/2018,136,
11/24/2015,112,
03/11/2018,777,
03/11/2018,13,
03/11/2018,155,
03/11/2018,44,
06/12/2017,93,
06/12/2017,53,
06/26/2016,972,
12/22/2018,142,
12/22/2018,183,
10/09/2015,89,
12/10/2016,54,
12/25/2016,276,
12/25/2016,158,
04/29/2018,5,
03/28/2017,88,
03/28/2017,6,
05/13/2016,223,
05/13/2016,16,
07/04/2015,22,
07/04/2015,16,
04/22/2015,248,
04/22/2015,10,
09/19/2017,70,
07/22/2015,12,
07/22/2015,718,
07/22/2015,237,
07/22/2015,171,
10/08/2018,146,
04/25/2018,108,
03/26/2018,144,
03/26/2018,2400,
03/26/2018,75,
03/26/2018,88,
03/26/2018,33,
05/04/2018,3,
05/04/2018,10,
11/14/2017,90,
01/06/2015,13,
12/27/2017,40,
04/30/2018,24,
04/21/2018,909,
08/17/2018,6,
08/17/2018,9,
08/17/2018,75,
08/17/2018,17,
08/17/2018,39,
11/12/2017,204,
11/12/2017,675,
10/01/2017,6,
10/01/2017,31,
02/12/2017,1351,
02/12/2017,16,
11/13/2017,20,
04/26/2015,22,
04/26/2015,13,
08/11/2016,12,
08/11/2016,138,
11/27/2017,117,
11/27/2017,332,
10/28/2017,757,
12/29/2015,9,
09/10/2016,7,
10/02/2018,18,
10/02/2018,370,
09/11/2017,3,
09/11/2017,21,
09/11/2017,10,
06/02/2017,31,
06/02/2017,52,
06/02/2017,12,
10/15/2018,15,
09/27/2016,17,
09/27/2016,26,
05/03/2016,9,
05/03/2016,63,
05/03/2016,340,
05/03/2016,50,
01/09/2018,275,
01/27/2018,138,
09/02/2018,41,
07/14/2017,111,
07/14/2017,152,
07/14/2017,31,
02/24/2018,124,
02/24/2018,1320,
07/20/2015,90,
07/20/2015,23,
03/13/2018,31,
03/13/2018,466,
03/13/2018,28,
03/08/2017,114,
03/08/2017,13,
03/08/2017,70,
12/07/2015,9,
07/10/2017,342,
12/24/2017,44,
12/24/2017,40,
04/23/2018,67,
04/23/2018,93,
04/23/2018,25,
08/17/2018,4417,
05/22/2018,50,
02/09/2018,355,
03/03/2015,16,
03/03/2015,303,
03/03/2015,45,
06/04/2016,120,
06/04/2016,990,
08/27/2017,10,
09/12/2017,69,
05/30/2017,365,
05/30/2017,48,
05/30/2017,50,
05/30/2017,6,
05/30/2017,630,
05/30/2017,15,
05/30/2017,46,
05/30/2017,126,
06/10/2018,15,
10/22/2018,33,
10/22/2018,32,
06/13/2018,182,
11/23/2015,156,
08/16/2018,14,
08/16/2018,68,
01/14/2017,90,
01/14/2017,316,
09/16/2017,274,
09/16/2017,18,
10/10/2017,21,
10/10/2017,5,
11/13/2016,340,
11/13/2016,64,
11/02/2015,800,
07/19/2017,36,
07/19/2017,390,
05/14/2017,186,
02/21/2016,2542,
10/16/2018,600,
06/22/2018,4,
09/09/2018,26,
09/09/2018,67,
10/14/2018,47,
06/20/2017,7,
06/20/2017,58,
09/02/2015,560,
01/30/2017,306,
01/30/2017,51,
01/30/2017,27,
12/04/2018,649,
01/23/2017,60,
05/26/2016,21,
05/04/2015,38,
05/04/2015,6,
02/10/2016,78,
11/18/2015,293,
11/18/2015,9,
11/18/2015,425,
11/18/2015,3,
11/18/2015,382,
09/04/2018,98,
09/04/2018,11,
03/29/2015,891,
11/05/2017,72,
11/05/2017,114,
11/05/2017,159,
06/10/2018,15,
08/10/2016,65,
10/09/2016,2,
10/09/2016,12,
10/09/2016,38,
05/28/2017,287,
05/11/2018,44,
10/16/2017,143,
11/17/2018,20,
11/17/2018,5,
11/26/2018,980,
11/26/2018,136,
09/03/2018,9,
09/03/2018,101,
12/05/2018,42,
12/05/2018,10,
11/10/2018,401,
11/10/2018,29,
03/18/2015,111,
03/18/2015,1280,
03/18/2015,1857,
11/12/2017,23,
10/26/2018,62,
10/26/2018,82,
04/11/2016,68,
04/11/2016,55,
12/25/2016,844,
12/25/2016,450,
09/21/2018,16,
12/20/2015,193,
07/18/2016,6,
07/26/2015,68,
07/26/2015,163,
07/26/2015,26,
12/26/2015,192,
12/11/2018,722,
12/11/2018,74,
12/11/2018,14,
12/11/2018,65,
03/03/2015,177,
10/21/2018,39,
10/21/2018,22,
11/10/2018,112,
03/16/2018,446,
09/22/2017,17,
02/06/2018,30,
12/31/2016,117,
10/09/2017,2,
10/09/2017,170,
12/30/2015,252,
12/30/2015,524,
04/12/2017,20,
04/12/2017,195,
04/12/2017,37,
11/28/2017,341,
11/28/2017,13,
11/28/2017,7,
11/28/2017,33,
11/28/2017,348,
04/15/2018,16,
03/09/2016,5,
10/28/2015,258,
01/07/2018,154,
01/07/2018,62,
01/07/2018,111,
01/07/2018,8,
08/13/2018,37,
11/02/2018,55,
09/19/2015,93,
05/31/2016,11,
09/13/2017,41,
09/13/2017,15,
09/13/2017,150,
09/13/2017,17,
09/13/2017,18,
09/13/2017,378,
09/13/2017,18,
09/13/2017,374,
09/13/2017,1337,
09/13/2017,30,
11/29/2018,391,
11/29/2018,102,
12/04/2018,75,
05/02/2018,16,
05/02/2018,60,
05/02/2018,35,
12/25/2017,314,
12/25/2017,867,
09/30/2015,796,
07/12/2015,36,
07/12/2015,24,
09/08/2017,44,
09/08/2017,31,
08/06/2018,71,
05/14/2016,510,
05/14/2016,123,
05/14/2016,98,
05/14/2016,723,
01/20/2018,12,
05/30/2017,168,
04/08/2015,173,
07/23/2015,100,
05/30/2018,157,
05/30/2018,36,
05/30/2018,14,
03/13/2017,387,
03/13/2017,380,
03/13/2017,540,
03/13/2017,42,
03/13/2017,52,
03/13/2017,553,
03/13/2017,24,
03/13/2017,127,
03/13/2017,450,
04/10/2018,196,
04/10/2018,37,
06/25/2017,86,
06/25/2017,33,
03/17/2015,12,
03/17/2015,31,
03/17/2015,13,
03/17/2015,16,
03/17/2015,33,
08/09/2015,5,
08/09/2015,10,
07/26/2016,10,
07/26/2016,24,
07/26/2016,100,
02/15/2015,22,
03/24/2016,47,
09/02/2018,19,
09/02/2018,237,
11/16/2016,19,
12/09/2015,11,
12/09/2015,238,
02/03/2018,6,
02/03/2018,66,
02/03/2018,23,
02/03/2018,420,
11/11/2018,89,
09/17/2018,10,
09/17/2018,319,
09/17/2018,6,
09/17/2018,1416,
06/25/2018,149,
07/30/2017,10,
07/30/2017,1037,
04/16/2016,570,
04/16/2016,10,
04/16/2016,1197,
04/16/2016,524,
04/11/2016,640,
04/11/2016,53,
02/27/2016,539,
09/08/2017,15,
09/08/2017,35,
09/08/2017,262,
05/19/2017,88,
11/11/2018,35,
09/15/2015,15,
09/15/2015,15,
09/15/2016,4,
09/15/2016,148,
07/01/2017,1500,
04/10/2017,14,
01/06/2015,2574,
01/06/2015,610,
01/06/2015,6,
01/06/2015,392,
01/06/2015,756,
01/06/2015,32,
01/06/2015,7,
09/01/2017,13,
09/23/2015,19,
12/15/2015,446,
12/28/2018,3,
12/28/2018,26,
12/19/2016,30,
12/19/2016,2250,
12/19/2016,1054,
11/05/2018,13,
09/10/2016,107,
11/16/2018,120,
09/11/2018,11,
09/11/2018,513,
09/11/2018,2,
07/14/2018,5,
07/14/2018,277,
07/14/2018,5,
07/14/2018,72,
07/14/2018,19,
07/14/2018,141,
07/14/2018,471,
03/30/2018,7,
03/30/2018,165,
01/31/2017,24,
06/08/2018,13,
11/02/2015,47,
11/02/2015,363,
07/14/2018,10,
07/14/2018,1890,
07/14/2018,63,
07/14/2018,397,
07/14/2018,240,
07/14/2018,14,
12/09/2018,30,
12/09/2018,215,
12/09/2018,16,
12/09/2018,147,
12/09/2018,16,
12/09/2018,6,
12/09/2018,1400,
09/05/2017,9,
09/05/2017,9,
09/05/2017,86,
09/10/2015,22,
09/10/2015,1488,
09/26/2018,72,
09/26/2018,10,
09/26/2018,36,
09/26/2018,18,
09/26/2018,932,
06/17/2017,267,
06/17/2017,484,
02/25/2018,197,
02/25/2018,232,
03/31/2018,30,
12/03/2018,14,
02/19/2017,71,
12/02/2018,115,
12/02/2018,37,
12/02/2018,243,
12/02/2018,50,
12/02/2018,509,
12/02/2018,58,
12/02/2018,907,
10/10/2015,720,
10/10/2015,756,
10/10/2015,12,
10/10/2015,1,
09/05/2017,22,
11/20/2015,35,
11/20/2015,834,
11/20/2015,13,
11/20/2015,26,
05/10/2015,350,
05/10/2015,23,
11/27/2018,159,
11/27/2018,498,
11/01/2015,534,
11/01/2015,168,
11/01/2015,32,
12/30/2017,171,
09/03/2017,199,
10/05/2018,64,
01/30/2017,436,
01/30/2017,49,
04/21/2018,48,
04/21/2018,21,
12/05/2015,27,
12/05/2015,50,
12/05/2015,15,
10/21/2015,195,
10/21/2015,592,
10/21/2015,3,
12/08/2016,222,
12/08/2016,236,
11/02/2015,42,
11/02/2015,53,
12/18/2017,564,
11/23/2016,2626,
11/23/2016,18,
08/13/2016,423,
04/16/2016,128,
03/21/2015,3500,
03/21/2015,15,
03/21/2015,123,
03/21/2015,10,
03/21/2015,123,
11/16/2018,18,
09/25/2016,129,
09/05/2017,59,
09/05/2017,72,
09/05/2017,8,
09/05/2017,888,
04/20/2018,147,
04/20/2018,37,
06/15/2016,226,
09/17/2015,6,
09/17/2015,39,
09/17/2015,41,
09/17/2015,30,
09/17/2015,149,
09/17/2015,56,
07/08/2017,13,
05/27/2017,26,
05/27/2017,6,
05/27/2017,1298,
12/24/2018,265,
05/03/2018,26,
05/03/2018,23,
02/22/2015,20,
02/08/2016,10,
02/08/2016,6,
02/08/2016,6,
08/24/2016,15,
11/30/2015,7,
12/10/2017,19,
12/10/2017,680,
10/27/2018,190,
10/27/2018,72,
11/25/2015,540,
11/25/2015,726,
11/25/2015,8,
07/14/2015,40,
05/23/2016,851,
05/23/2016,76,
11/21/2016,326,
11/21/2016,24,
11/21/2016,17,
03/30/2015,336,
03/30/2015,252,
03/30/2015,128,
12/29/2018,1208,
12/29/2018,13,
12/29/2018,35,
12/29/2018,301,
12/29/2018,259,
03/02/2018,60,
03/02/2018,58,
03/02/2018,442,
03/02/2018,69,
10/06/2017,704,
10/06/2017,18,
10/06/2017,12,
10/06/2017,68,
04/05/2016,893,
09/09/2015,1300,
03/15/2017,5,
03/15/2017,1353,
12/27/2016,1549,
12/27/2016,20,
08/07/2018,120,
08/07/2018,119,
03/22/2016,20,
11/30/2016,81,
11/30/2016,26,
04/15/2015,107,
04/15/2015,188,
07/30/2018,77,
06/01/2018,54,
01/07/2015,77,
01/07/2015,11,
09/29/2018,100,
09/13/2018,16,
10/22/2015,130,
10/04/2017,31,
10/04/2017,5400,
10/04/2017,120,
11/27/2016,41,
11/27/2016,60,
11/27/2016,260,
11/27/2016,171,
11/27/2016,39,
11/27/2016,155,
11/27/2016,447,
05/06/2018,153,
10/08/2015,24,
12/31/2015,196,
12/31/2015,15,
12/31/2015,1688,
12/31/2015,342,
12/31/2015,606,
04/28/2016,187,
04/28/2016,3813,
02/14/2016,27,
02/14/2016,626,
11/25/2017,1569,
11/25/2017,18,
11/25/2017,160,
07/15/2018,180,
07/15/2018,873,
07/15/2018,13,
12/29/2015,89,
12/29/2015,320,
03/22/2017,168,
07/02/2018,164,
07/02/2018,6,
12/14/2018,1200,
12/14/2018,74,
12/14/2018,26,
12/14/2018,18,
12/14/2018,527,
08/26/2017,12,
08/26/2017,210,
08/26/2017,448,
08/26/2017,480,
08/26/2017,9,
10/15/2018,12,
10/25/2015,41,
10/25/2015,14,
04/02/2016,88,
10/28/2018,78,
10/28/2018,148,
10/28/2018,48,
12/05/2015,251,
11/03/2018,41,
01/06/2016,30,
01/06/2016,2,
09/09/2018,160,
01/05/2016,60,
01/05/2016,18,
01/05/2016,14,
04/16/2018,41,
09/10/2016,180,
09/25/2017,287,
09/25/2017,25,
09/25/2017,332,
03/16/2016,18,
11/26/2017,18,
09/26/2017,432,
06/13/2018,292,
09/18/2018,115,
06/02/2018,11,
05/15/2017,16,
09/15/2018,13,
08/22/2017,20,
05/30/2015,71,
12/18/2018,13,
07/30/2018,90,
11/21/2015,7,
11/21/2015,95,
09/24/2016,36,
08/20/2018,26,
06/17/2017,8,
06/17/2017,567,
06/17/2017,10,
12/19/2016,26,
05/31/2016,8,
06/18/2016,61,
06/18/2016,451,
06/18/2016,35,
06/18/2016,468,
06/18/2016,34,
11/30/2016,18,
12/21/2016,4,
11/17/2018,269,
11/17/2018,432,
11/13/2018,44,
11/13/2018,155,
10/24/2017,16,
12/06/2015,43,
12/03/2018,11,
09/26/2018,3,
02/03/2016,75,
08/12/2018,18,
08/12/2018,1780,
08/12/2018,220,
08/24/2016,8,
11/12/2018,27,
08/01/2017,1040,
08/01/2017,46,
11/25/2017,457,
11/25/2017,4500,
11/25/2017,60,
04/13/2017,7,
12/27/2015,11,
12/27/2015,8,
12/27/2015,52,
12/27/2015,38,
04/18/2017,204,
04/18/2017,30,
03/08/2016,9,
11/04/2017,46,
11/04/2017,877,
11/04/2017,186,
11/29/2015,26,
05/17/2017,3,
05/17/2017,8,
05/17/2017,23,
05/17/2017,31,
09/19/2018,5,
12/19/2017,2,
10/12/2018,40,
12/12/2016,33,
12/12/2016,98,
07/12/2016,308,
10/02/2016,27,
03/24/2018,48,
03/24/2018,470,
03/24/2018,208,
06/01/2018,325,
03/24/2015,41,
09/22/2016,12,
09/22/2016,721,
09/22/2016,26,
09/22/2016,3,
09/22/2016,4,
01/08/2017,31,
01/08/2017,48,
01/08/2017,109,
02/14/2017,5,
02/14/2017,8,
02/14/2017,551,
02/14/2017,11,
06/08/2018,1498,
06/08/2018,18,
10/21/2017,114,
10/21/2017,36,
10/21/2017,4536,
01/26/2018,12,
12/08/2018,593,
10/21/2017,112,
08/26/2015,9,
08/26/2015,150,
05/16/2015,233,
02/03/2016,91,
10/31/2018,509,
10/31/2018,10,
04/26/2016,64,
04/26/2016,60,
04/26/2016,312,
04/26/2016,51,
05/09/2017,20,
01/24/2016,14,
04/13/2016,242,
04/13/2016,480,
09/25/2016,308,
09/25/2016,13,
09/25/2016,160,
03/28/2015,7,
03/28/2015,1185,
07/17/2017,46,
04/19/2015,59,
04/19/2015,72,
07/21/2018,125,
09/27/2016,155,
09/27/2016,1872,
02/27/2017,17,
05/02/2017,19,
05/02/2017,13,
05/02/2017,6,
12/09/2015,9,
12/09/2015,21,
12/25/2016,10,
12/07/2018,321,
12/07/2018,52,
05/30/2015,26,
05/30/2015,464,
05/30/2015,236,
05/30/2015,40,
03/02/2018,19,
10/12/2016,18,
10/12/2016,82,
07/14/2016,273,
07/14/2016,19,
07/14/2016,442,
07/14/2016,128,
11/19/2015,167,
05/27/2017,14,
07/03/2018,24,
09/25/2018,25,
10/03/2017,7,
10/03/2017,916,
10/03/2017,9,
10/03/2017,98,
09/09/2018,32,
09/09/2018,12,
03/12/2016,6,
11/29/2017,243,
06/14/2017,338,
12/03/2018,14,
12/03/2018,77,
12/03/2018,103,
12/03/2018,11,
12/03/2018,48,
12/03/2018,24,
12/03/2018,17,
12/03/2018,17,
08/16/2017,33,
12/25/2017,20,
12/25/2017,400,
12/25/2017,344,
12/25/2017,107,
07/23/2018,14,
06/21/2018,83,
06/21/2018,7,
06/21/2018,448,
08/13/2018,273,
08/13/2018,1615,
08/13/2018,25,
08/13/2018,2,
08/13/2018,32,
08/13/2018,15,
08/13/2018,424,
11/07/2016,77,
10/15/2016,5,
10/15/2016,4,
07/30/2017,716,
12/03/2017,269,
12/03/2017,22,
12/03/2017,49,
12/03/2017,206,
04/28/2017,31,
08/25/2018,26,
06/17/2018,3405,
06/17/2018,102,
11/20/2016,345,
09/04/2018,31,
07/04/2016,23,
09/15/2018,39,
09/15/2018,60,
03/13/2018,175,
09/24/2018,384,
09/24/2018,16,
08/13/2017,23,
08/13/2017,104,
11/20/2018,3,
11/20/2018,570,
11/20/2018,51,
07/25/2018,299,
03/25/2017,60,
07/15/2017,231,
07/15/2017,106,
08/17/2018,24,
08/17/2018,72,
08/17/2018,9,
08/17/2018,14,
08/17/2018,2519,
08/17/2018,541,
08/17/2018,222,
12/14/2017,82,
12/14/2017,135,
12/25/2018,40,
12/25/2018,45,
12/25/2018,32,
12/25/2018,41,
12/25/2018,4,
03/01/2015,19,
03/01/2015,363,
03/01/2015,64,
03/01/2015,130,
11/19/2016,6,
11/19/2016,862,
04/01/2015,67,
04/01/2015,7,
10/05/2018,436,
10/05/2018,15,
10/05/2018,16,
10/05/2018,73,
10/05/2018,207,
10/05/2018,8,
11/18/2018,82,
11/18/2018,21,
11/18/2018,390,
11/18/2018,21,
11/18/2018,42,
03/23/2016,34,
10/10/2017,91,
10/10/2017,16,
10/10/2017,121,
08/16/2016,520,
08/16/2016,32,
08/16/2016,11,
08/16/2016,3,
08/16/2016,255,
08/16/2016,4,
08/16/2016,11,
05/31/2015,660,
05/31/2015,114,
08/27/2016,6,
01/03/2015,17,
09/10/2015,82,
09/10/2015,255,
01/22/2018,16,
01/22/2018,8,
04/21/2017,9,
07/20/2017,90,
08/23/2017,26,
08/23/2017,38,
08/23/2017,15,
08/23/2017,2,
06/14/2017,40,
06/14/2017,19,
11/20/2016,5,
11/20/2016,146,
11/20/2016,10,
11/03/2018,200,
11/03/2018,1674,
05/04/2015,13,
05/04/2015,58,
11/08/2016,264,
12/12/2016,300,
12/12/2016,26,
12/01/2015,272,
12/01/2015,46,
12/01/2015,10,
10/07/2017,94,
11/17/2016,542,
11/17/2016,107,
11/17/2016,1324,
03/17/2015,127,
06/20/2016,126,
05/25/2018,664,
05/25/2018,120,
05/25/2018,4,
05/25/2018,19,
09/09/2015,61,
09/09/2015,31,
10/17/2018,53,
11/02/2018,84,
11/02/2018,12,
07/21/2015,5,
07/21/2015,88,
07/21/2015,658,
07/21/2015,2,
09/11/2016,211,
09/11/2016,79,
09/11/2016,20,
09/11/2016,773,
10/21/2017,107,
01/07/2017,24,
01/07/2017,26,
06/25/2016,48,
06/25/2016,1,
06/25/2016,76,
06/25/2016,5,
09/20/2016,38,
07/10/2018,42,
06/30/2018,436,
08/21/2018,389,
08/21/2018,573,
08/21/2018,34,
03/11/2018,64,
03/11/2018,27,
09/15/2018,296,
09/20/2017,394,
12/15/2017,3,
11/03/2018,17,
07/03/2017,707,
09/26/2015,6,
09/26/2015,22,
09/26/2015,42,
07/14/2015,18,
09/28/2018,3,
08/28/2016,893,
08/28/2016,308,
08/28/2016,729,
08/28/2016,42,
08/28/2016,44,
08/28/2016,5,
09/20/2016,62,
09/20/2016,25,
11/07/2017,264,
11/07/2017,360,
11/07/2017,13,
11/07/2017,117,
11/07/2017,277,
10/20/2016,240,
10/20/2016,17,
01/01/2018,455,
01/01/2018,142,
01/01/2018,311,
01/01/2018,13,
01/01/2018,7,
01/01/2018,14,
01/01/2018,16,
06/23/2016,28,
06/23/2016,166,
06/23/2016,75,
11/22/2017,135,
10/26/2016,147,
10/26/2016,132,
10/26/2016,204,
10/26/2016,15,
10/26/2016,719,
10/20/2017,62,
04/28/2018,29,
09/29/2017,11,
07/10/2016,40,
08/07/2016,78,
12/07/2015,270,
12/10/2016,6,
11/08/2018,110,
07/27/2018,24,
07/27/2018,27,
07/27/2018,13,
07/27/2018,235,
12/28/2018,119,
12/28/2018,5,
03/10/2017,27,
03/10/2017,3358,
05/22/2016,9,
05/22/2016,2974,
05/22/2016,105,
05/22/2016,776,
02/17/2018,90,
02/17/2018,176,
02/17/2018,439,
12/08/2018,216,
11/18/2018,56,
11/18/2018,128,
12/01/2017,249,
12/01/2017,12,
12/01/2017,86,
10/03/2018,21,
08/29/2018,149,
11/24/2018,34,
06/30/2018,205,
07/22/2018,527,
11/11/2017,42,
11/11/2017,452,
11/11/2017,32,
12/09/2015,31,
12/09/2015,1080,
09/07/2018,162,
02/06/2016,3,
02/06/2016,19,
02/06/2016,671,
08/26/2018,65,
07/20/2015,42,
07/20/2015,12,
07/20/2015,14,
07/20/2015,536,
10/08/2016,73,
02/16/2016,37,
02/16/2016,88,
08/12/2017,563,
11/09/2015,57,
07/18/2017,12,
07/18/2017,285,
07/18/2017,19,
02/05/2017,15,
02/05/2017,187,
02/05/2017,558,
02/05/2017,160,
06/20/2015,472,
06/20/2015,4,
06/09/2018,50,
12/27/2017,21,
01/26/2015,11,
01/26/2015,142,
03/23/2018,33,
03/23/2018,21,
03/23/2018,14000,
03/20/2018,238,
03/20/2018,62,
10/04/2017,240,
11/18/2017,595,
12/26/2018,17,
03/09/2017,200,
02/16/2017,228,
09/28/2016,294,
09/28/2016,308,
11/02/2016,97,
11/02/2016,118,
11/02/2016,12,
11/02/2016,513,
07/31/2017,864,
11/06/2018,2037,
11/06/2018,450,
11/06/2018,109,
02/14/2017,265,
07/09/2015,3,
07/09/2015,42,
07/09/2015,24,
01/30/2017,157,
09/22/2017,129,
12/22/2018,475,
09/02/2017,1000,
08/02/2016,278,
11/21/2016,1253,
11/21/2016,111,
05/18/2018,23,
05/18/2018,2,
07/23/2018,64,
09/13/2016,8,
09/13/2016,171,
12/10/2017,63,
10/02/2016,20,
10/02/2016,8,
11/17/2018,39,
11/17/2018,188,
11/30/2016,7,
11/30/2016,99,
11/30/2016,336,
12/06/2016,9,
09/05/2018,90,
09/05/2018,72,
09/05/2018,16,
04/24/2018,11,
04/24/2018,73,
11/08/2016,68,
11/08/2016,550,
11/08/2016,12,
11/08/2016,4644,
11/08/2016,578,
04/26/2016,192,
04/26/2016,3,
09/20/2016,1370,
09/20/2016,295,
09/07/2018,82,
11/07/2017,45,
11/07/2017,315,
09/25/2016,7,
09/25/2016,11,
09/25/2016,3,
09/25/2016,4,
10/03/2015,5,
10/03/2015,32,
10/03/2015,5,
10/03/2015,2,
10/03/2015,16,
02/18/2015,13,
06/12/2017,186,
06/12/2017,13,
11/01/2018,190,
11/01/2018,41,
04/04/2017,83,
04/04/2017,32,
04/04/2017,90,
06/30/2017,36,
06/30/2017,1267,
09/22/2015,170,
09/22/2015,41,
05/01/2018,4,
05/01/2018,934,
05/01/2018,2804,
10/20/2018,5,
10/20/2018,7,
10/20/2018,5,
10/20/2018,44,
09/01/2015,24,
09/01/2015,357,
08/12/2015,807,
08/12/2015,86,
08/19/2015,345,
05/10/2016,71,
05/10/2016,37,
05/10/2017,744,
03/05/2016,12,
03/05/2016,5,
03/05/2016,181,
03/05/2016,61,
08/12/2018,300,
08/12/2018,193,
08/12/2018,243,
08/12/2018,47,
08/12/2018,175,
08/12/2018,101,
06/26/2017,369,
06/26/2017,9,
06/26/2017,172,
12/15/2017,20,
09/13/2016,14,
12/30/2015,123,
12/30/2015,36,
04/29/2015,20,
01/30/2018,70,
01/30/2018,32,
01/30/2018,2004,
01/30/2018,10,
12/25/2017,2564,
10/20/2017,388,
06/13/2016,4,
06/30/2018,1086,
06/26/2016,44,
02/21/2017,4,
02/21/2017,35,
02/21/2017,433,
04/22/2018,676,
05/09/2018,66,
05/09/2018,207,
12/21/2016,601,
12/21/2016,60,
12/21/2016,638,
12/21/2016,52,
08/12/2015,32,
08/12/2015,48,
08/12/2015,159,
08/12/2015,212,
08/12/2015,6,
08/12/2015,3,
12/11/2016,11,
11/03/2018,19,
03/13/2018,300,
05/30/2017,27,
05/30/2017,112,
07/05/2016,5,
07/05/2016,12,
03/11/2015,8,
04/20/2016,181,
07/26/2018,1650,
07/26/2018,363,
10/31/2015,74,
11/03/2018,487,
08/11/2017,33,
08/11/2017,42,
08/11/2017,78,
07/25/2017,38,
03/01/2015,138,
03/01/2015,377,
01/26/2018,63,
01/26/2018,2940,
07/12/2015,513,
07/12/2015,4,
07/12/2015,23,
07/12/2015,17,
04/11/2018,2,
04/11/2018,21,
11/13/2018,12,
12/05/2016,46,
09/26/2017,16,
11/19/2017,9,
11/19/2017,45,
09/08/2018,62,
09/08/2018,159,
07/21/2018,3,
07/21/2018,95,
10/06/2018,144,
10/06/2018,7,
11/07/2018,8,
03/09/2017,12,
03/09/2017,355,
03/09/2017,18,
03/09/2017,52,
05/13/2018,300,
07/02/2017,8,
12/27/2015,24,
12/27/2015,498,
04/13/2018,437,
11/14/2015,33,
06/11/2018,62,
11/25/2017,74,
03/21/2015,60,
03/21/2015,33,
03/21/2015,219,
04/30/2016,32,
04/30/2016,10,
04/30/2016,210,
04/30/2016,25,
04/30/2016,7,
05/03/2018,33,
05/03/2018,27,
05/03/2018,374,
05/03/2018,65,
05/03/2018,8,
08/26/2017,187,
04/11/2015,88,
04/11/2015,106,
04/11/2015,218,
01/02/2018,32,
01/02/2018,6,
01/02/2018,914,
01/02/2018,373,
04/28/2018,752,
01/30/2018,605,
09/07/2015,28,
09/07/2015,21,
09/07/2015,84,
06/11/2017,903,
10/17/2017,121,
12/27/2015,5,
11/24/2017,83,
11/10/2017,30,
01/05/2016,88,
01/05/2016,57,
03/21/2018,65,
11/12/2016,65,
11/12/2016,16,
11/12/2016,224,
09/09/2015,11,
03/17/2017,85,
02/08/2017,242,
11/26/2017,60,
11/26/2017,14,
09/04/2018,12,
05/28/2016,17,
05/28/2016,78,
11/01/2015,77,
12/27/2017,18,
12/04/2018,12,
12/23/2018,28,
12/01/2017,138,
12/01/2017,112,
12/01/2017,902,
12/01/2017,367,
06/30/2015,311,
09/03/2015,8,
11/02/2018,156,
04/13/2016,11,
12/05/2016,233,
12/05/2016,165,
12/05/2016,23,
02/01/2017,106,
07/08/2018,84,
07/08/2018,142,
07/08/2018,40,
07/08/2018,29,
07/08/2018,175,
12/11/2016,111,
11/15/2017,631,
05/09/2017,28,
03/10/2018,934,
12/17/2017,52,
12/17/2017,166,
04/06/2018,107,
05/09/2018,148,
05/09/2018,105,
05/09/2018,287,
05/09/2018,67,
05/09/2018,200,
10/12/2018,45,
10/12/2018,18,
10/12/2018,41,
10/12/2018,2155,
08/28/2017,19,
10/02/2016,11,
11/23/2018,5,
11/12/2018,63,
12/19/2017,304,
03/30/2015,130,
11/08/2018,275,
09/14/2015,7,
09/14/2015,7,
09/14/2015,10,
09/14/2015,9,
09/20/2016,46,
12/10/2016,26,
05/28/2015,137,
03/14/2018,50,
12/08/2017,11,
05/06/2018,85,
03/06/2017,432,
03/06/2017,3,
03/06/2017,69,
10/23/2018,241,
10/23/2018,35,
10/23/2018,211,
10/23/2018,638,
10/23/2018,44,
10/23/2018,3,
04/28/2015,1680,
04/18/2017,345,
04/18/2017,1555,
04/18/2017,128,
05/22/2017,223,
05/28/2018,107,
05/28/2018,4,
08/25/2015,26,
08/25/2015,13,
08/30/2015,26,
08/30/2015,96,
09/03/2016,8,
03/28/2015,303,
05/10/2016,47,
04/09/2016,18,
04/09/2016,371,
09/19/2017,9,
11/11/2017,2679,
04/23/2018,388,
04/23/2018,46,
04/23/2018,78,
04/23/2018,3,
10/22/2016,10,
04/09/2018,38,
04/09/2018,66,
10/27/2018,45,
10/30/2016,1036,
12/18/2018,6,
03/12/2017,20,
07/21/2015,36,
05/24/2017,17,
02/11/2018,21,
09/20/2017,84,
09/24/2018,200,
03/27/2018,46,
03/27/2018,111,
03/27/2018,12,
02/02/2017,8750,
02/02/2017,37,
02/02/2017,19,
07/07/2018,6,
10/23/2016,61,
10/23/2016,480,
10/23/2016,7,
12/02/2017,166,
03/05/2015,60,
03/05/2015,480,
03/05/2015,19,
03/05/2015,50,
03/05/2015,98,
03/01/2016,16,
03/01/2016,185,
02/20/2015,13,
05/02/2017,367,
03/08/2017,9,
03/08/2017,28,
03/08/2017,147,
12/11/2016,176,
12/11/2016,126,
12/11/2016,23,
12/22/2017,26,
02/02/2017,74,
06/05/2018,21,
08/21/2016,18,
08/21/2016,36,
04/07/2017,4,
06/04/2018,31,
12/04/2018,13,
12/04/2018,183,
12/04/2018,303,
01/11/2017,55,
04/01/2017,13,
09/21/2018,56,
03/16/2018,45,
03/16/2018,52,
03/16/2018,6,
03/16/2018,160,
03/16/2018,55,
11/10/2018,242,
11/30/2017,34,
11/30/2017,14,
11/30/2017,497,
11/30/2017,390,
01/13/2016,10,
05/16/2015,57,
06/07/2016,19,
06/07/2016,26,
06/07/2016,9,
03/09/2018,480,
03/09/2018,31,
12/22/2016,34,
12/22/2016,423,
08/06/2015,200,
03/27/2017,21,
03/27/2017,40,
03/27/2017,33,
12/05/2016,39,
12/05/2016,13,
09/11/2016,25,
07/17/2016,7,
07/17/2016,15,
05/30/2015,720,
11/13/2018,240,
12/09/2017,1057,
03/22/2016,448,
03/22/2016,151,
12/23/2017,454,
12/23/2017,46,
12/23/2017,288,
12/23/2017,132,
12/23/2017,3,
04/02/2017,1455,
04/30/2018,5,
04/30/2018,221,
11/17/2017,68,
11/17/2017,16,
11/10/2017,32,
12/06/2017,969,
12/06/2017,223,
12/06/2017,480,
04/03/2017,11,
11/28/2015,999,
10/20/2016,25,
09/19/2015,6,
08/27/2018,15,
07/03/2018,103,
12/22/2018,608,
12/22/2018,32,
12/27/2017,3,
05/20/2015,11,
05/20/2015,11,
05/20/2015,21,
05/20/2015,67,
02/04/2015,18,
12/09/2018,12,
07/11/2018,1288,
07/11/2018,169,
05/15/2016,52,
01/29/2018,5,
09/29/2018,8,
04/23/2018,19,
04/23/2018,12,
11/09/2018,192,
11/09/2018,500,
05/05/2015,12,
05/05/2015,36,
10/27/2017,68,
11/26/2015,5,
11/26/2015,15,
11/26/2015,41,
11/26/2015,8,
12/31/2015,476,
01/03/2017,31,
01/03/2017,166,
01/03/2017,181,
08/18/2018,24,
06/04/2015,57,
06/04/2015,16,
06/04/2015,354,
06/04/2015,14,
11/13/2018,83,
01/28/2017,40,
11/09/2017,480,
09/10/2017,8,
09/10/2017,15,
09/10/2017,82,
09/10/2017,40,
03/03/2018,400,
09/08/2018,66,
11/06/2018,31,
05/13/2018,21,
11/27/2017,40,
11/13/2016,122,
11/13/2016,112,
12/08/2016,16,
09/07/2016,71,
09/07/2016,90,
09/07/2016,7,
09/07/2016,482,
09/07/2016,8,
07/28/2017,178,
07/28/2017,1370,
07/28/2017,10,
08/25/2018,131,
04/30/2015,175,
04/30/2015,826,
04/27/2018,140,
07/23/2018,400,
12/13/2015,13,
01/12/2018,761,
12/02/2018,68,
11/08/2016,32,
11/08/2016,6,
11/08/2016,40,
11/08/2016,5,
11/25/2017,195,
12/05/2016,98,
07/29/2017,705,
07/29/2017,28,
09/13/2015,6,
09/13/2015,15,
09/13/2015,8,
09/13/2015,200,
09/13/2015,145,
09/13/2015,118,
09/13/2015,49,
09/13/2015,23,
06/21/2017,1,
09/03/2017,31,
11/25/2018,724,
05/12/2016,22,
05/12/2016,620,
05/12/2016,128,
03/30/2018,95,
11/17/2017,50,
12/30/2017,17,
12/22/2017,56,
12/22/2017,12,
12/20/2016,18,
12/27/2015,183,
12/27/2015,119,
02/16/2018,19,
02/16/2018,601,
02/16/2018,51,
02/16/2018,29,
02/16/2018,8,
10/24/2018,518,
09/02/2017,9,
09/02/2017,160,
12/01/2017,2105,
12/01/2017,41,
11/05/2015,48,
11/25/2018,6,
12/16/2017,22,
11/14/2018,97,
06/26/2017,232,
06/26/2017,18,
06/26/2017,13,
12/26/2015,9,
08/14/2017,260,
08/14/2017,248,
08/14/2017,280,
10/24/2017,450,
08/23/2015,20,
09/15/2018,301,
06/15/2018,240,
06/15/2018,32,
06/15/2018,121,
06/15/2018,2240,
06/15/2018,77,
06/15/2018,143,
06/15/2018,92,
03/01/2016,4,
07/23/2017,116,
10/01/2015,5,
09/08/2015,173,
09/08/2015,4,
11/16/2015,80,
11/16/2015,306,
11/16/2015,345,
03/03/2015,627,
12/03/2016,360,
07/11/2018,72,
07/11/2018,30,
11/16/2018,2,
06/12/2017,65,
06/12/2017,7,
06/12/2017,12,
06/12/2017,16,
06/12/2017,380,
06/12/2017,68,
06/12/2017,2,
12/29/2017,38,
12/29/2017,26,
03/18/2018,47,
12/27/2016,5,
12/27/2016,54,
12/27/2016,132,
12/27/2016,23,
12/27/2016,73,
07/31/2016,53,
06/27/2018,20,
06/27/2018,127,
06/27/2018,1288,
02/07/2015,65,
09/04/2017,536,
04/06/2018,9,
12/08/2018,14,
12/08/2018,84,
07/24/2017,74,
11/09/2016,11,
10/02/2016,12,
10/02/2016,54,
11/22/2016,18,
11/22/2016,60,
02/02/2018,211,
02/02/2018,31,
02/02/2018,240,
06/16/2016,3051,
06/16/2016,134,
05/05/2017,94,
05/05/2017,178,
09/09/2018,18,
09/09/2018,5,
09/09/2018,7,
07/22/2017,38,
07/22/2017,52,
07/22/2017,28,
07/22/2017,6,
01/31/2017,1271,
01/31/2017,126,
12/29/2017,15,
12/29/2017,28,
11/21/2016,6,
11/21/2016,2,
11/21/2016,25,
11/21/2016,8,
10/05/2016,288,
09/12/2017,147,
09/12/2017,84,
09/14/2018,943,
09/14/2018,75,
02/23/2016,27,
02/23/2016,11,
12/05/2017,4,
07/02/2017,529,
07/02/2017,42,
12/13/2018,288,
03/20/2016,30,
03/01/2016,56,
03/01/2016,1228,
09/15/2017,21,
09/15/2017,1129,
03/17/2018,5,
05/28/2018,196,
05/28/2018,16,
05/28/2018,272,
06/15/2018,699,
06/15/2018,78,
09/06/2016,47,
03/18/2018,538,
12/19/2015,15,
12/19/2015,23,
12/19/2015,584,
12/19/2015,212,
07/07/2017,13,
07/07/2017,46,
04/06/2017,1295,
05/08/2015,1800,
11/23/2018,11,
11/10/2017,222,
11/10/2017,342,
12/31/2015,35,
12/31/2015,19,
08/19/2018,103,
09/12/2017,41,
10/26/2018,34,
10/26/2018,119,
10/26/2018,15,
05/30/2018,38,
03/08/2017,208,
03/08/2017,14,
07/26/2016,267,
11/23/2016,308,
11/23/2016,45,
11/23/2016,14,
11/23/2016,17,
11/23/2016,39,
11/28/2016,336,
11/03/2018,960,
11/03/2018,5,
11/03/2018,56,
11/03/2018,11,
03/21/2018,9,
12/19/2016,7,
04/02/2015,27,
04/02/2015,34,
06/05/2016,11,
10/06/2015,387,
08/21/2017,34,
11/15/2016,40,
06/22/2016,1218,
09/24/2018,16,
09/24/2018,90,
09/24/2018,15,
09/24/2018,13,
09/24/2018,16,
04/06/2015,71,
04/06/2015,66,
04/06/2015,300,
02/09/2017,90,
02/09/2017,32,
11/18/2015,68,
12/18/2018,8,
12/18/2018,5,
12/18/2018,92,
12/18/2018,131,
07/02/2016,75,
07/02/2016,160,
07/02/2016,3,
07/02/2016,10,
10/08/2015,124,
09/22/2016,56,
09/22/2016,618,
12/24/2018,22,
10/13/2018,210,
10/13/2018,32,
10/13/2018,5084,
08/20/2018,36,
09/11/2016,32,
09/11/2016,9,
09/11/2016,210,
09/11/2016,112,
09/11/2016,39,
12/20/2016,37,
09/20/2015,494,
09/20/2015,12,
11/04/2017,687,
12/01/2018,16,
12/01/2018,71,
12/01/2018,542,
10/10/2015,102,
10/10/2015,19,
11/14/2018,22,
08/13/2017,186,
08/13/2017,59,
09/17/2018,480,
09/17/2018,35,
03/23/2016,193,
03/23/2016,240,
06/30/2017,51,
10/20/2018,16,
10/20/2018,15,
08/25/2015,7,
08/25/2015,3,
08/25/2015,21,
07/27/2015,277,
12/01/2018,630,
10/17/2017,450,
10/17/2017,1928,
09/16/2017,122,
12/01/2016,2677,
08/05/2015,490,
08/15/2017,313,
08/15/2017,18,
08/15/2017,166,
08/15/2017,38,
08/07/2016,495,
08/07/2016,26,
05/31/2017,33,
05/31/2017,19,
05/31/2017,192,
05/31/2017,11,
07/01/2017,31,
07/01/2017,31,
07/01/2017,76,
12/18/2017,67,
01/26/2016,183,
10/28/2018,22,
11/04/2018,96,
11/04/2018,144,
11/04/2018,4,
11/04/2018,5,
05/09/2017,857,
05/09/2017,14,
05/09/2017,49,
05/09/2017,77,
05/09/2017,19,
04/02/2015,178,
04/28/2015,160,
10/04/2017,53,
10/04/2017,12,
06/11/2018,5,
01/30/2017,1440,
01/30/2017,2,
01/30/2017,627,
09/27/2016,100,
04/13/2016,610,
04/13/2016,212,
04/13/2016,240,
12/18/2018,100,
12/18/2018,30,
03/14/2017,17,
08/27/2018,13,
08/27/2018,1120,
12/17/2016,205,
12/17/2016,136,
12/17/2016,17,
12/17/2016,93,
08/22/2015,8,
11/03/2017,5,
11/03/2017,180,
10/10/2018,240,
12/07/2015,165,
11/15/2015,11,
12/24/2018,20,
12/24/2018,13,
12/24/2015,14,
12/22/2018,935,
12/22/2018,47,
12/22/2018,27,
12/22/2018,24,
12/22/2018,60,
08/08/2015,156,
09/20/2015,9,
12/25/2018,21,
12/25/2018,120,
11/25/2018,300,
11/25/2018,68,
11/25/2018,854,
11/25/2018,19,
11/05/2017,274,
11/05/2017,90,
11/05/2017,757,
11/06/2018,2,
11/03/2017,72,
11/03/2017,471,
12/30/2015,40,
12/02/2018,20,
12/02/2018,152,
03/24/2018,272,
11/19/2015,48,
04/25/2018,345,
11/23/2018,37,
11/23/2018,79,
11/23/2018,128,
11/23/2018,7,
11/03/2015,6,
10/19/2016,2,
02/06/2015,9,
03/06/2017,3,
03/06/2017,2,
03/06/2017,160,
03/06/2017,146,
12/03/2016,78,
12/03/2016,96,
12/03/2016,106,
12/03/2016,10,
12/24/2016,10,
12/24/2016,4900,
10/01/2018,105,
10/16/2018,19,
10/16/2018,1876,
08/15/2015,92,
08/15/2015,153,
11/11/2018,36,
03/20/2018,57,
03/20/2018,275,
05/13/2018,459,
06/22/2015,9,
12/02/2015,6,
12/02/2015,16,
04/05/2016,240,
04/05/2016,24,
11/18/2018,93,
11/18/2018,38,
11/18/2018,8,
11/18/2018,6,
07/12/2018,4,
05/19/2018,27,
12/20/2016,101,
02/21/2017,136,
03/18/2018,14,
03/18/2018,20,
12/17/2017,14,
12/17/2017,12,
03/26/2017,18,
03/26/2017,18,
12/16/2015,100,
12/16/2015,30,
11/15/2016,167,
08/22/2017,99,
06/29/2016,118,
06/26/2017,21,
06/26/2017,140,
06/26/2017,38,
09/17/2017,15,
09/17/2017,192,
07/18/2015,14,
09/01/2018,315,
09/01/2018,284,
06/22/2018,488,
09/02/2015,1794,
10/01/2016,3,
10/01/2016,109,
04/07/2016,26,
04/07/2016,23,
11/21/2018,56,
12/17/2017,9893,
09/19/2015,74,
09/28/2015,338,
09/22/2016,62,
11/07/2017,480,
12/16/2018,6,
12/16/2018,190,
12/16/2018,150,
12/16/2018,30,
12/16/2018,45,
09/21/2015,67,
05/18/2016,11,
03/26/2015,4,
03/26/2015,28,
03/26/2015,29,
09/22/2018,22,
09/12/2016,22,
11/02/2016,2622,
10/20/2016,75,
10/20/2016,365,
06/14/2017,1116,
11/20/2016,90,
11/20/2016,51,
02/28/2017,37,
10/14/2015,323,
10/14/2015,3,
10/14/2015,20,
05/26/2018,24,
02/04/2017,91,
09/02/2017,216,
09/02/2017,66,
12/04/2018,12,
06/12/2016,25,
09/04/2017,17,
09/04/2017,280,
04/21/2015,829,
11/05/2016,8,
11/05/2016,28,
11/03/2015,90,
02/16/2017,319,
02/16/2017,6,
09/11/2018,144,
09/11/2018,20,
11/02/2018,6,
02/06/2016,147,
02/06/2016,30,
09/10/2017,277,
09/26/2017,94,
09/26/2017,455,
12/15/2016,247,
09/17/2017,296,
10/13/2018,349,
06/28/2016,16,
06/28/2016,483,
06/01/2016,300,
06/01/2016,404,
06/01/2016,42,
06/01/2016,29,
04/12/2015,33,
10/12/2018,370,
10/12/2018,11,
10/12/2018,792,
11/07/2016,24,
11/07/2016,85,
11/07/2016,65,
11/07/2016,33,
11/07/2016,178,
11/07/2016,288,
05/25/2016,23,
05/25/2016,33,
05/25/2016,208,
10/13/2015,37,
10/13/2015,23,
10/13/2015,316,
10/13/2015,16,
02/07/2017,624,
01/19/2018,430,
01/19/2018,32,
01/19/2018,888,
01/19/2018,22,
06/06/2017,23,
06/06/2017,100,
03/18/2018,91,
11/24/2018,8,
11/26/2017,79,
08/18/2017,10,
08/18/2017,6,
11/28/2016,9,
05/25/2018,51,
09/04/2018,89,
03/24/2017,302,
03/24/2017,19,
05/28/2018,28,
05/28/2018,126,
08/31/2016,556,
04/12/2017,130,
04/12/2017,52,
04/12/2017,11,
02/02/2015,19,
02/02/2015,181,
09/02/2015,476,
09/30/2018,160,
09/05/2017,44,
05/20/2018,9,
05/20/2018,1124,
05/20/2018,65,
09/20/2016,3,
01/23/2017,100,
01/23/2017,9,
01/23/2017,1565,
06/01/2015,139,
06/01/2015,66,
09/24/2016,15,
09/24/2016,24,
09/24/2016,17,
08/01/2017,20,
01/23/2015,41,
08/04/2015,102,
08/04/2015,260,
08/04/2015,256,
08/09/2017,5,
08/09/2017,12,
12/08/2017,406,
12/08/2017,681,
06/08/2016,3,
06/08/2016,144,
06/24/2017,4477,
06/24/2017,105,
06/24/2017,242,
03/15/2017,320,
03/15/2017,46,
12/01/2017,32,
12/01/2017,48,
12/01/2017,1113,
12/01/2017,23,
06/12/2018,72,
06/12/2018,20,
03/19/2017,32,
11/14/2017,14,
11/14/2017,24,
08/07/2018,708,
08/07/2018,12,
08/07/2018,32,
08/07/2018,56,
08/07/2018,25,
08/07/2018,52,
08/07/2018,208,
08/07/2018,1474,
08/21/2016,4,
08/21/2016,22,
08/21/2016,664,
08/21/2016,100,
08/21/2016,50,
11/02/2016,30,
11/02/2016,345,
11/30/2015,48,
11/30/2015,103,
05/10/2015,40,
05/10/2015,1432,
05/10/2015,42,
05/10/2015,257,
10/17/2017,121,
10/17/2017,316,
10/30/2017,29,
10/30/2017,115,
12/01/2017,24,
04/21/2017,16,
04/21/2017,52,
08/03/2018,40,
08/03/2018,17,
12/11/2018,8,
12/11/2018,6,
03/14/2016,20,
12/08/2015,40,
12/08/2015,80,
09/30/2018,21,
11/21/2017,33,
11/24/2018,14,
11/14/2018,16,
08/16/2016,45,
08/16/2016,302,
10/13/2018,12,
10/13/2018,1505,
10/13/2018,26,
11/04/2018,8,
11/04/2018,2,
11/04/2018,5,
11/04/2018,53,
03/19/2018,382,
11/03/2015,7,
07/23/2018,16,
07/23/2018,59,
12/27/2015,947,
09/02/2017,95,
09/02/2017,24,
09/02/2017,1092,
09/02/2017,19,
09/02/2017,569,
09/02/2017,8,
02/11/2018,148,
10/27/2018,57,
10/27/2018,6,
10/27/2018,7,
07/09/2015,15,
07/09/2015,120,
07/09/2015,6,
07/09/2015,33,
05/22/2018,10,
05/22/2018,3,
11/10/2017,4,
11/10/2017,882,
12/02/2017,116,
03/02/2018,108,
09/23/2018,200,
09/23/2018,13,
02/11/2015,61,
02/11/2015,15,
02/11/2015,10,
02/11/2015,333,
02/11/2015,52,
02/11/2015,65,
11/11/2018,26,
09/02/2018,216,
10/09/2016,390,
10/09/2016,270,
11/24/2018,12,
11/24/2018,65,
02/08/2015,15,
09/25/2016,103,
09/25/2016,21,
08/21/2018,33,
08/21/2018,4306,
05/12/2017,11,
05/12/2017,632,
09/02/2018,1578,
10/10/2015,256,
05/26/2017,185,
05/26/2017,48,
12/01/2018,16,
12/01/2018,9,
12/01/2018,399,
09/20/2017,164,
09/11/2018,68,
12/30/2017,73,
09/02/2018,12,
11/18/2015,393,
11/21/2016,19,
06/19/2018,7,
06/19/2018,458,
11/30/2018,1080,
04/23/2015,49,
09/23/2015,10,
09/23/2015,35,
03/02/2018,1,
11/17/2018,44,
05/28/2018,14,
05/28/2018,116,
04/18/2016,42,
04/18/2016,245,
04/18/2016,75,
04/18/2016,5,
04/18/2016,57,
04/18/2016,98,
04/18/2016,8,
04/18/2016,16,
04/18/2016,2,
09/19/2016,9,
03/25/2015,7,
03/25/2015,15,
03/25/2015,46,
03/25/2015,26,
08/26/2017,147,
03/06/2018,5,
03/06/2018,64,
11/11/2016,419,
11/11/2016,124,
04/05/2017,119,
04/05/2017,770,
02/21/2018,48,
07/20/2018,14,
07/20/2018,164,
07/20/2018,184,
11/04/2017,12,
11/04/2017,67,
09/23/2018,212,
09/23/2018,595,
09/23/2018,73,
09/07/2018,81,
09/07/2018,456,
09/07/2018,26,
11/28/2016,46,
11/12/2016,16,
09/29/2017,860,
09/11/2018,196,
09/11/2018,15,
05/01/2018,315,
05/01/2018,5,
09/16/2018,18,
10/19/2015,3,
10/19/2015,21,
10/19/2015,147,
10/19/2015,19,
10/19/2015,118,
03/13/2017,52,
02/17/2018,456,
02/17/2018,6,
02/17/2018,58,
02/17/2018,31,
02/17/2018,900,
12/22/2017,843,
12/22/2017,42,
09/23/2017,14,
09/23/2017,185,
09/24/2018,521,
09/24/2018,12,
12/01/2016,20,
12/01/2016,4,
12/01/2016,19,
01/25/2017,44,
01/25/2017,314,
01/25/2017,46,
01/25/2017,429,
03/21/2018,31,
03/21/2018,14,
03/21/2018,23,
03/21/2018,360,
08/22/2015,12,
06/08/2015,69,
06/08/2015,1677,
04/07/2017,38,
11/07/2018,273,
05/29/2016,42,
05/29/2016,318,
05/29/2016,9,
05/07/2018,420,
06/05/2017,62,
12/14/2016,50,
12/25/2018,32,
12/17/2018,33,
05/10/2017,8,
12/23/2015,46,
12/23/2015,65,
12/23/2015,425,
12/23/2015,2,
12/23/2015,84,
08/11/2018,26,
08/27/2018,121,
01/19/2018,80,
01/19/2018,13,
01/19/2018,543,
01/19/2018,3,
06/19/2016,229,
03/13/2018,8,
10/25/2016,583,
09/20/2015,630,
09/20/2015,632,
09/20/2015,802,
09/20/2015,76,
09/20/2015,31,
09/20/2015,1350,
11/11/2017,15,
09/16/2016,32,
06/24/2015,5,
08/12/2017,210,
08/12/2017,1592,
04/13/2018,8,
03/14/2015,575,
03/14/2015,9,
09/22/2018,1071,
09/22/2018,13,
12/10/2018,4,
12/10/2018,88,
03/10/2017,105,
01/27/2016,2804,
09/26/2017,7,
10/18/2016,250,
10/18/2016,18,
10/18/2016,11,
10/27/2015,11,
10/27/2015,12,
10/02/2018,16,
10/02/2018,22,
07/23/2015,605,
07/23/2015,41,
07/23/2015,303,
07/23/2015,45,
09/12/2015,3786,
09/15/2017,36,
11/27/2015,200,
05/11/2015,1213,
08/28/2016,1100,
08/28/2016,104,
06/19/2016,6,
08/17/2016,31,
08/17/2016,37,
08/17/2016,11,
08/17/2016,253,
09/25/2016,3,
05/26/2018,13,
07/31/2018,286,
10/12/2015,23,
05/25/2015,15,
12/29/2015,49,
04/07/2018,17,
04/07/2018,220,
03/01/2016,96,
05/29/2016,13,
09/22/2017,36,
05/27/2018,478,
09/17/2017,13,
09/08/2015,9,
06/03/2018,137,
09/28/2016,187,
09/28/2016,82,
09/28/2016,48,
09/28/2016,37,
06/16/2017,92,
05/27/2018,28,
05/27/2018,13,
10/09/2015,145,
10/09/2015,16,
11/17/2015,35,
10/19/2015,322,
11/25/2018,702,
02/27/2015,20,
12/21/2015,18,
11/19/2017,32,
11/05/2018,165,
11/05/2018,167,
11/05/2018,13,
11/05/2018,111,
11/05/2018,100,
11/05/2018,12,
11/05/2018,129,
11/05/2018,102,
05/31/2016,6,
05/31/2016,174,
05/31/2016,52,
05/31/2016,4,
09/07/2015,14,
09/07/2015,4,
09/07/2015,305,
11/06/2018,19,
06/20/2016,320,
07/22/2015,20,
12/02/2017,782,
12/02/2017,31,
10/12/2018,674,
12/11/2018,7,
10/01/2016,573,
08/05/2017,198,
01/03/2018,2023,
01/03/2018,10,
11/07/2018,39,
01/03/2017,1593,
01/03/2017,12,
05/12/2017,120,
05/12/2017,9,
11/05/2018,5,
11/05/2018,168,
11/05/2018,68,
05/26/2017,27,
11/20/2016,33,
04/22/2017,33,
04/22/2017,3,
10/14/2017,1092,
10/14/2017,112,
04/05/2015,27,
04/05/2015,41,
04/05/2015,14,
04/05/2015,690,
08/06/2017,39,
12/14/2015,10,
05/30/2018,205,
10/14/2017,1650,
03/14/2015,92,
02/17/2015,55,
08/24/2016,27,
08/24/2016,7,
08/24/2016,436,
05/08/2018,82,
02/04/2017,94,
12/19/2015,324,
12/19/2015,16,
12/19/2015,33,
12/05/2018,84,
12/05/2018,200,
12/05/2018,32,
12/05/2018,173,
12/05/2018,10,
03/24/2018,13,
07/08/2018,53,
10/26/2018,56,
10/27/2017,428,
10/27/2017,41,
10/27/2017,34,
10/27/2017,10,
06/12/2018,9,
09/25/2017,478,
09/07/2018,17,
09/07/2018,40,
05/11/2016,192,
08/06/2016,36,
08/06/2016,7,
08/06/2016,57,
08/06/2016,370,
10/29/2015,2,
10/29/2015,76,
06/18/2017,7,
06/18/2017,5,
06/18/2017,454,
05/03/2016,14,
11/10/2016,578,
05/30/2016,152,
09/22/2017,69,
11/28/2016,72,
11/28/2016,4,
12/03/2016,185,
10/17/2015,6,
05/03/2017,133,
05/03/2017,196,
05/03/2017,52,
05/03/2017,432,
05/03/2017,225,
05/03/2017,6,
06/01/2016,12,
03/31/2015,1126,
03/31/2015,13,
03/31/2015,5,
07/05/2018,80,
09/24/2016,7,
09/24/2016,34,
09/24/2016,16,
09/24/2016,25,
09/24/2016,18,
08/13/2016,32,
05/26/2016,106,
05/26/2016,400,
05/26/2016,105,
09/14/2018,1080,
09/14/2018,71,
09/14/2018,30,
09/14/2018,590,
06/07/2017,10,
06/25/2018,401,
08/26/2018,54,
08/26/2017,32,
11/18/2017,62,
04/17/2018,196,
07/23/2018,122,
05/11/2015,18,
05/11/2015,105,
07/28/2017,25,
07/28/2017,303,
09/14/2018,9,
09/14/2018,12,
01/24/2018,26,
01/24/2018,277,
01/24/2018,111,
09/19/2016,61,
04/14/2016,36,
05/08/2018,42,
09/04/2017,240,
05/19/2015,35,
06/17/2017,377,
11/02/2016,198,
11/04/2018,71,
11/04/2018,195,
12/05/2018,22,
12/05/2018,12,
05/16/2017,283,
05/16/2017,28,
10/24/2018,12,
09/18/2017,240,
11/11/2015,23,
11/11/2015,103,
11/11/2015,2034,
08/22/2017,6,
11/16/2018,900,
11/16/2018,87,
11/16/2018,140,
09/26/2015,17,
09/26/2015,4,
09/26/2015,33,
06/29/2018,22,
06/29/2018,308,
06/29/2018,410,
09/23/2018,10,
11/23/2015,15,
01/13/2015,38,
01/13/2015,4,
05/31/2017,8,
05/31/2017,180,
02/13/2018,91,
10/14/2015,177,
10/14/2015,80,
10/14/2015,1629,
11/18/2015,138,
11/18/2015,731,
11/12/2018,12,
01/28/2016,4298,
03/07/2015,21,
03/07/2015,205,
03/07/2015,437,
03/07/2015,482,
06/08/2018,90,
06/08/2018,36,
06/08/2018,73,
11/19/2015,222,
11/19/2015,282,
11/26/2017,3407,
11/26/2017,38,
11/26/2017,65,
11/26/2017,596,
01/23/2018,96,
01/23/2018,5,
09/22/2015,98,
09/22/2015,4,
09/22/2015,14,
09/22/2015,580,
03/26/2015,19,
06/06/2017,3024,
06/06/2017,27,
06/06/2017,478,
08/31/2018,194,
12/07/2016,13,
11/16/2018,120,
11/16/2018,13,
04/23/2017,19,
04/23/2017,72,
04/02/2018,15,
08/13/2016,65,
11/13/2018,22,
12/23/2017,8,
12/23/2017,1500,
07/22/2015,27,
05/06/2017,42,
11/28/2015,65,
04/18/2017,7,
04/18/2017,7,
12/27/2016,324,
12/27/2016,669,
12/13/2018,9,
12/13/2018,39,
12/13/2018,202,
12/13/2018,13,
01/02/2018,17,
05/30/2018,36,
09/30/2018,12,
06/20/2018,33,
06/20/2018,504,
04/04/2018,8,
11/13/2016,614,
08/28/2016,471,
09/24/2018,32,
09/24/2018,8,
12/11/2017,74,
06/10/2015,492,
03/11/2017,31,
12/15/2018,23,
12/15/2018,55,
12/15/2018,197,
10/30/2017,4,
07/31/2018,12,
07/31/2018,850,
07/31/2018,12,
10/19/2018,40,
10/21/2017,243,
10/21/2017,13,
10/21/2017,20,
10/21/2017,341,
11/05/2015,274,
11/05/2015,14,
11/05/2015,1081,
11/05/2015,52,
11/05/2015,59,
11/07/2017,58,
08/12/2017,38,
05/30/2017,80,
05/30/2017,224,
11/12/2018,222,
09/22/2017,19,
02/16/2017,327,
02/16/2017,90,
12/22/2015,297,
12/05/2016,13,
09/17/2018,90,
12/02/2018,287,
12/02/2018,980,
12/02/2018,5,
09/29/2015,11,
09/29/2015,808,
11/14/2018,35,
08/20/2015,501,
08/20/2015,21,
08/20/2015,897,
11/19/2015,6,
06/29/2016,270,
03/16/2018,311,
03/16/2018,71,
03/16/2018,20,
03/16/2018,141,
11/08/2016,4405,
11/28/2018,63,
06/16/2017,10,
01/21/2018,269,
11/24/2018,365,
11/24/2018,72,
11/11/2015,11,
11/11/2015,798,
03/04/2017,160,
10/11/2017,6,
10/11/2017,28,
07/01/2017,3,
03/27/2018,9,
03/27/2018,18,
03/27/2018,333,
03/27/2018,293,
03/27/2018,207,
03/27/2018,18,
10/31/2017,1404,
11/04/2018,5,
02/14/2015,240,
02/14/2015,82,
02/14/2015,239,
06/18/2015,140,
02/28/2018,10,
02/28/2018,8,
12/09/2018,55,
12/07/2018,51,
11/24/2017,340,
11/24/2017,11,
11/24/2017,43,
07/03/2017,124,
06/26/2017,136,
07/26/2015,2178,
07/26/2015,18,
07/26/2015,17,
07/26/2015,432,
07/26/2015,9,
07/26/2015,5,
09/14/2017,438,
09/14/2017,674,
05/31/2016,275,
05/31/2016,63,
05/31/2016,9,
05/09/2016,49,
11/05/2015,150,
03/27/2018,1024,
03/27/2018,601,
03/27/2018,40,
03/27/2018,212,
05/21/2015,57,
05/21/2015,108,
05/21/2015,5,
05/21/2015,19,
05/21/2017,4,
01/12/2016,11,
01/12/2016,236,
01/12/2016,27,
01/12/2016,11,
